2050 3984
307 531 679 602 posrnrnrrvrr.
758 555 801 621 ῃ

190 626 411 709 inde‚qnoniam
421 629 503 688 mein
514 629 653 693 civitatem
664 629 795 713 respubli-

193 713 287 798 caipsa
294 715 419 791 reduxit,
436 715 514 774 nullo
530 737 574 777 me
588 719 653 778 loco
665 721 796 799 reipubli-

194 823 238 866 ccc
251 801 424 863 defuturum.
448 801 525 881 quod
536 801 555 860 fi
567 806 631 882 quir
645 803 796 884 existimat,

195 909 236 950 me
246 885 507 948 autvoiunrcteeffe
516 905 631 965 mutata,
644 891 796 952 autdebili·

198 977 428 1049 taravirrutc‚aut
436 976 531 1034 animo
539 974 638 1051 stacio,
646 980 798 1039 vehemen-

199 1074 240 1120 ter
250 1075 330 1118 errat.
352 1063 432 1135 mihi,
448 1059 526 1140 quod
537 1064 630 1142 potuit
641 1066 697 1138 vis,
708 1081 737 1124 ct
751 1065 797 1126 in·

195 1146 306 1224 juria,et
314 1143 505 1208 sceleratorum
513 1150 659 1208 hominum
666 1147 745 1209 furor
752 1149 801 1208 de·

196 1235 312 1306 πύκτῃ
321 1231 711 1314 eripuit‚abstulit,diffipavit:
720 1234 799 1316 quod

195 1318 331 1379 viroforti
339 1318 424 1378 adimi
434 1338 494 1378 non
505 1317 604 1400 potest,
616 1321 644 1380 id
654 1338 760 1398 manet,
768 1337 798 1383 ct

194 1405 376 1485 permanebit.
387 1403 445 1464 vidi
452 1424 505 1482 ego
512 1404 797 1484 fortiffimumvirum,

194 1494 361 1571 municipem
374 1510 477 1565 meum,
492 1496 529 1550 C.
544 1493 678 1568 Marium,
693 1495 798 1571 quoni·

193 1598 234 1642 am
246 1580 332 1638 nobis
346 1573 420 1656 quasi
433 1576 526 1657 :liqui
539 1575 617 1636 fatali
632 1578 797 1657 necesitate,

195 1662 352 1726 conscium
364 1683 427 1722 cum
435 1663 489 1736 his,
505 1663 554 1740 qui
564 1665 631 1724 haec
642 1664 733 1724 delere
743 1687 798 1727 vo·

195 1749 316 1825 luiffent,
333 1747 379 1808 sed
389 1749 472 1808 ctiam
485 1769 548 1809 cum
560 1748 675 1810 fortuna
686 1750 797 1832 bellige-

196 1837 311 1898 randum
319 1834 384 1894 fuit:
396 1854 460 1894 eum
467 1848 560 1894 tamen
572 1835 642 1911 vidi,
658 1857 721 1898 cum
732 1837 798 1900 effer

196 1921 297 1984 summa
306 1919 453 1995 seneclute,
467 1941 527 1982 non
535 1921 621 1982 modo
628 1943 687 1984 non
694 1925 798 1984 infrac-

196 2024 224 2070 to
232 2010 329 2070 animo
337 2022 451 2089 propter
458 2009 675 2086 magnitudinem
686 2011 799 2072 calami·

196 2097 272 2170 tatis,
291 2092 337 2155 sed
355 2091 531 2169 confirmato,
551 2110 633 2174 atque
648 2111 798 2156 renovato.

196 2201 277 2260 quem
284 2196 397 2259 egomet
404 2177 494 2240 dicere
502 2179 608 2256 audivi,
619 2195 678 2241 tum
688 2180 799 2260 scfuiffe

197 2266 333 2342 miserum,
344 2286 407 2326 cum
416 2282 521 2327 careret
530 2269 629 2346 patria,
636 2286 718 2346 quam
726 2266 799 2329 obfi-

198 2354 282 2413 dione
288 2351 463 2413 liberavisset:
475 2372 540 2412 cum
548 2349 676 2412 sunbona
682 2353 799 2434 poffide·

204 2441 228 2498 ri
239 2439 409 2513 abinimicis,
420 2460 451 2498 ac
463 2438 547 2517 diripi
558 2437 680 2498 audiret:
693 2460 757 2498 cum
768 2459 800 2499 a·

202 2521 383 2586 dolescentem
390 2524 477 2586 filium
485 2522 591 2584 videret
597 2521 718 2602 ejusdem
728 2521 799 2586 soci·

200 2631 245 2674 um
252 2610 495 2674 cchmitatisrcum
503 2611 534 2670 in
542 2608 688 2690 paludibus
695 2608 802 2672 demer-

198 2696 254 2776 sus,
273 2695 413 2759 concursu
431 2718 463 2757 ac
477 2693 663 2756 misericordia
676 2697 801 2756 Mintur·

198 2785 323 2846 nenium
335 2802 481 2862 corpusne
495 2781 582 2842 vitam
597 2778 676 2844 suam
691 2781 812 2848 conier-

188 2871 294 2954 ¹suffen
304 2869 367 2928 crim
377 2869 468 2944 pam*
478 2870 617 2940 navicula
630 2875 776 2962 traiectus
784 2877 830 2942 in
