2050 3984
357 900 389 960 Ρ.
408 900 622 958 SEX'NO·
732 919 791 980 375

191 998 422 1081 qnniitnuperQ.
436 996 552 1056 Catulus
562 995 631 1071 firit3
644 1016 727 1077 quern
738 1021 788 1059 ne·

191 1108 247 1167 qne
264 1084 379 1167 periculi
395 1082 553 1168 tenpestas,
566 1104 657 1163 neque
672 1087 790 1146 honoris

193 1192 260 1230 aura
277 1173 371 1250 potuit
384 1190 507 1248 unquam
521 1168 556 1228 de
571 1167 620 1229 suo
635 1168 730 1242 cursu,
746 1186 794 1231 ant

155 1258 186 1314 4⁸
195 1256 251 1337 spe,
263 1274 310 1316 rut
319 1273 392 1316 metu
404 1257 555 1315 dimovere.
580 1261 656 1316 Haec
664 1258 794 1316 imitami-

194 1345 288 1423 n1,per
295 1343 361 1403 deor
370 1342 551 1402 innnornrles!
562 1342 796 1421 quidignitetem,

195 1433 244 1510 qni
255 1429 374 1506 laudent,
383 1431 432 1508 qui
439 1428 556 1507 gloriam
568 1430 710 1508 quaeritis.
727 1431 795 1490 haec

195 1516 285 1599 ampla
296 1515 371 1591 sunt,
381 1519 448 1576 haec
456 1515 563 1590 diviua,
575 1517 642 1575 haec
651 1518 794 1577 itntnortt·

195 1605 243 1664 lia:
258 1607 324 1664 haec
332 1603 403 1663 frmi
413 1603 596 1678 celebrantur,
607 1604 798 1666 monumentis

196 1691 337 1751 annalium
344 1690 523 1765 mandentur,
532 1686 682 1768 posteritati
690 1711 793 1771 propa·

195 1794 307 1856 gantur.
331 1777 368 1837 est
378 1777 469 1852 labor,
484 1797 549 1835 non
561 1797 633 1853 nego
647 1799 655 1836 t
674 1777 794 1857 periculi

195 1864 414 1941 magunfiuteor.
426 1860 437 1893 ‘
449 1860 796 1925 multacinfidinesnntbo·

199 1949 209 1982 ‘
225 1952 293 2009 nirt'
305 1948 602 2011 vtriffirncdieiumest.
626 1949 635 1981 ‘
652 1948 707 2027 sed,
722 1952 797 2029 tcid',

198 2036 209 2069 ‘
224 2036 300 2117 qnod
309 2036 388 2096 multi
399 2036 553 2111 invideant,
567 2035 701 2115 multique
712 2059 797 2118 expe·

198 2122 209 2155 ‘
226 2140 296 2200 tant,
311 2122 420 2183 inscitia
434 2122 491 2197 fit,'
506 2124 610 2202 inquit,
627 2123 637 2156 ‘
649 2122 796 2203 postulare,

160 2255 166 2268 .
197 2209 208 2243 ‘
224 2210 284 2271 stru
297 2206 420 2272 laborem
433 2208 537 2270 summa
547 2231 681 2269 cumcurn
699 2209 796 2271 efferat

198 2296 352 2358 ‘nullm’
373 2297 446 2357 idem
465 2296 600 2357 aiio-loco
618 2296 701 2373 dixit,
719 2298 797 2378 quod'

196 2388 356 2465 exciperent
364 2385 481 2465 improbi
489 2384 590 2459 cives‚‘
600 2385 723 2460 oderint,
731 2385 796 2445 dutn

198 2471 370 2532 ‘metuant’
389 2470 797 2551 praeciurtenirniiiaprnecep·

199 2556 506 2635 tadedcrttjuventuti:
520 2555 660 2615 sedtarnen
669 2560 734 2616 haec
743 2561 798 2635 via,

199 2647 265 2704 haec
275 2646 346 2703 ratio
356 2646 520 2724 reipublicae
531 2641 714 2722 capeistndee,
730 2645 797 2705 oiint

199 2745 260 2789 erat
274 2733 359 2808 magis
379 2728 604 2811 pertimescenda,
625 2752 688 2790 curn
702 2732 796 2791 multis

200 2818 231 2876 in
243 2819 324 2877 rebus
336 2817 521 2878 multitudinis
532 2815 647 2877 studium
658 2817 692 2876 ed
700 2818 797 2899 popuii

199 2904 377 2968 commodum
393 2906 428 2963 ab
439 2904 557 2963 utilitate
567 2904 731 2982 reipublicae
743 2901 797 2963 dis·

199 2994 339 3069 crepabat.
361 2991 502 3049 tabellaria
517 2990 563 3048 lex
572 2991 607 3047 ab
618 2995 653 3047 L.
663 2989 751 3048 Cassio
758 2988 798 3046 fe·

200 3080 323 3136 rebatur.
346 3076 624 3157 populnelibertatern
635 3075 678 3151 agi
687 3076 800 3153 putabet

201 3161 287 3222 sunm.
305 3162 501 3224 ‘dissentiebant
516 3161 667 3243 principes,
681 3176 709 3218 et
720 3157 801 3218 insn-

201 3248 264 3314 lute-
274 3251 449 3332 optentum
460 3241 830 3316 teneriuttnrnuxnenux·
