2050 3984
378 861 646 923 MEXTIO·
746 876 807 938 407

207 979 237 1025 et
247 962 360 1025 virtutis
371 959 489 1038 gloriam
502 957 704 1040 senpiternam:
716 982 810 1043 neque

207 1047 446 1125 bancopinionem
455 1043 474 1103 fi
483 1048 512 1106 in
520 1044 731 1110 illosand'tiffimo
738 1057 809 1112 Here

208 1135 270 1195 cule
277 1131 462 1194 consecratam
470 1130 608 1208 videmus,
619 1134 698 1209 cujus
706 1155 810 1213 corpo·

208 1242 239 1284 re
250 1217 384 1293 ambusto,
399 1219 487 1278 vitam
503 1219 563 1295 ejut
574 1233 603 1276 et
613 1219 744 1280 virtutem
756 1222 810 1282 im·

208 1305 365 1368 mortalitas
379 1302 513 1382 excepisse
528 1303 639 1378 dicitur,
655 1306 748 1365 minus
759 1327 810 1366 ex·

207 1393 366 1465 iiiimemus,
381 1410 442 1464 eoa,
457 1392 506 1469 qui
524 1392 596 1450 hane
613 1406 718 1450 tantam
735 1414 808 1453 rem·

207 1481 346 1562 publicam
354 1475 409 1537 suia
417 1475 595 1551 confiiiia,aut
602 1475 753 1552 laboribus,
761 1493 809 1539 aut

207 1567 349 1639 auxerint,
357 1561 598 1639 autdesenderiut,
608 1580 653 1624 aut
661 1562 808 1641 servarint,

207 1654 260 1714 eise
284 1650 465 1711 immortalem
488 1649 605 1726 gloriam
627 1649 807 1713 consecutos.

161 1742 199 1797 ⁶9
207 1740 258 1801 Sed
270 1760 314 1799 me
329 1754 451 1817 repente,
466 1736 589 1811 Judicet,
604 1735 638 1795 de
649 1734 806 1798 fortissimo·

208 1846 270 1888 rum
283 1841 312 1885 et
329 1823 533 1884 clariffimorum
551 1824 653 1883 civium
672 1822 809 1900 dignitate

208 1929 237 1972 et
248 1912 336 1990 gloria
347 1911 493 1982 dicentem,
509 1925 537 1967 et
548 1909 626 1987 plura
637 1911 718 1968 etiam
734 1910 807 1970 dice.

209 1994 808 2079 reparantem,horumaspedusinipsocur·
890 1989 893 1994 ’

208 2081 237 2144 su
247 2086 384 2144 orationis
393 2079 522 2160 repressit.
536 2082 619 2141 video
630 2088 661 2140 P.
671 2084 806 2160 Sextium,

208 2193 284 2234 meae
295 2170 398 2242 salutis,
410 2167 512 2227 vestrae
519 2169 699 2242 audieritatis,
716 2171 806 2249 publi·

207 2279 254 2318 eae
267 2254 360 2317 causae
371 2252 551 2328 defensorem,
563 2271 808 2334 propugnatorem,

207 2350 357 2415 auetorem,
367 2362 461 2400 reum:
479 2343 561 2400 video
570 2345 644 2400 hunc
652 2358 808 2420 praetexta·

208 2447 267 2490 tum
275 2428 428 2509 ejusfilium
438 2428 527 2487 oculis
538 2428 751 2505 lacrymantibus
763 2451 808 2491 me

207 2520 380 2576 intuentem:
401 2515 482 2574 video
498 2512 647 2587 Milonem,
670 2514 808 2577 vindicem

207 2602 310 2665 vestrae
316 2603 462 2674 libertatis,
471 2600 609 2661 custodem
622 2599 714 2659 salutis
722 2624 809 2678 meae,

208 2687 351 2749 subsidium
360 2685 469 2747 afflistae
481 2686 656 2766 reipublicae,
668 2691 807 2748 extindio·

209 2794 266 2833 rem
274 2775 411 2836 domestici
418 2769 743 2852 latrocinii,repressorem
750 2798 808 2834 cae·

207 2860 251 2921 dia
260 2861 447 2939 quotidianae,
459 2858 629 2918 defensorem
640 2861 808 2938 templorum

207 2963 290 3025 atque
306 2953 450 3020 retiorum,
466 2944 624 3023 praesidium
636 2946 737 3018 curiae,
749 2945 808 3005 sor·

207 3033 332 3092 didatum
340 3050 367 3092 et
376 3053 462 3092 reum:
473 3031 554 3089 video
564 3030 807 3104 P.Lentulum,cu·

203 3117 253 3195 jus
265 3139 318 3195 ego
334 3138 449 3198 patrem,
466 3116 547 3174 deum
559 3137 590 3175 ac
603 3133 742 3193 parentem
756 3117 806 3177 sta·

206 3218 256 3266 tuo
268 3205 396 3267 fortunae
408 3227 440 3265 ac
451 3203 575 3263 nominis
586 3204 655 3280 mei,
664 3218 696 3262 et
703 3201 823 3273 sranius,
