2050 3984
298 821 419 878 POST
438 817 671 880 REDITUM.
757 845 795 904 39

189 909 395 974 vendiderunt:
408 907 444 970 lic
454 907 729 974 ulciscmsaciuomm
739 914 794 980 liu·

192 998 265 1076 gula,
284 996 517 1076 quemadmodum
536 998 718 1079 aquibusque
734 999 796 1064 sunt

193 1099 358 1164 provocatus
369 1106 378 1142 t
391 1082 482 1144 rutlot
493 1086 580 1158 cirea,
599 1087 795 1165 rempublicam

192 1171 259 1230 bene
268 1169 401 1247 gerendo:
411 1169 795 1246 perfidoramieonuihilcre·

196 1255 299 1328 dendo,
315 1271 395 1334 arque
403 1259 501 1316 omnia
510 1256 653 1318 cavendo:
668 1257 795 1334 invidos,

197 1342 293 1400 virtuti
304 1357 332 1400 et
337 1342 442 1420 gloriae
449 1339 613 1404 serviendot
626 1361 795 1405 mercatores

195 1427 797 1508 provinciarum‚revocaudodomum,atque

193 1516 224 1574 el>
234 1516 269 1576 iia
285 1516 498 1596 provinciarum
515 1517 654 1577 rationem
669 1530 795 1595 repeten-

192 1600 236 1662 do.
268 1621 433 1681 quanquam
451 1601 520 1660 mihi
534 1602 636 1679 majori
650 1621 731 1662 curte
745 1601 795 1677 ell,

191 1686 424 1768 quemadmodum
430 1686 543 1766 quidem
551 1689 646 1762 vobit,
652 1691 701 1766 qui
708 1688 743 1747 de
749 1708 795 1748 rue

191 1773 249 1834 elliu
270 1775 379 1854 optime
396 1774 505 1847 metiti,
524 1774 641 1849 gratiam
660 1772 791 1847 referam,

191 1879 283 1939 quarn,
290 1858 526 1940 quemadmodum
534 1860 710 1920 inimicorum
717 1860 792 1936 inju-

191 1948 253 2021 tiae,
262 1945 514 2024 crudelitatemque
522 1943 678 2025 persequar.
690 1947 795 2008 etenim

190 2032 360 2094 ulciscendae
379 2030 497 2107 iujuriae
516 2031 624 2092 facilior
643 2032 715 2091 ratio
734 2030 792 2108 est,

191 2139 272 2199 quem
286 2117 413 2180 beneficii
425 2117 631 2190 remunerandi,
646 2131 792 2197 propterea·

192 2207 266 2285 quod
274 2204 443 2286 superiorem
457 2202 510 2264 elle
523 2220 623 2264 contra
635 2206 794 2285 improbos,

192 2290 792 2369 miuuaestnegotii,quambouitexaequari:

192 2380 381 2439 tumetiamue
391 2375 632 2438 umnecessarium
639 2373 794 2454 quidemell

191 2465 261 2524 male
277 2464 394 2537 meritis,
405 2483 490 2543 quam
504 2464 610 2543 optime
619 2462 737 2534 meritis,
750 2479 793 2519 re·

192 2547 794 2630 lerrequoddebeaamdiuruvelpreciburmi·

194 2637 276 2713 rigari
289 2634 387 2716 potest,
398 2636 442 2698 vel
450 2636 621 2715 temporibus
628 2632 795 2712 reipublicae

198 2723 390 2803 communique
405 2721 518 2784 utilitati
532 2720 647 2800 deponi,
661 2718 706 2778 vel
720 2717 794 2778 dilli-

195 2800 795 2882 culuueulciscenditeneri,velvetustuese·

193 2895 262 2958 dari.
288 2892 794 2975 benemeruoaquincousmoeexo·

193 2980 799 3062 rarilateslmocidreipublicaerepcnereut-

192 3091 306 3152 cunque
320 3067 424 3130 uccelle
437 3065 484 3144 eil,
500 3085 595 3149 neque
607 3061 647 3128 est
658 3060 811 3130 erculano

189 3154 826 3247 &mmmuumeuoempuma
