2050 3984
299 476 641 522 fimana
680 476 1016 522 l‘Uffl'l'A·
1234 477 1274 537 5

308 553 493 620 Mn
516 553 760 632 Luculli,
796 575 921 616 cum
952 571 1269 636 praetexta·

299 657 467 706 ntum
484 643 714 704 Archias
730 641 883 716 effet,
895 664 1020 704 eum
1036 643 1267 705 domum

299 745 569 814 veperunt.
615 728 707 789 sed
728 731 891 789 etiam
913 733 1021 791 hoc
1038 751 1158 791 non
1174 729 1264 790 so·

299 819 417 892 ‚enii
446 838 511 878 ac
533 816 837 891 literarum,
867 837 1060 877 verum
1092 819 1260 877 etiam

316 919 491 984 atque
525 905 747 964 virtutis
778 903 906 979 fuit,
946 920 1011 964 ut
1041 903 1268 980 domus,

300 991 393 1072 fus
434 989 837 1052 adolescentiae
867 993 1044 1071 prima
1073 991 1263 1068 fuerit,

301 1077 811 1140 [sttfamiliariffima
833 1076 1114 1137 senefiuti.
1148 1094 1268 1138 erat

300 1167 401 1226 bus
418 1164 823 1244 illisjucundus
843 1173 919 1240 Q.
942 1163 1169 1224 Metello
1186 1164 1267 1224 illi

301 1271 386 1328 ao,
400 1267 458 1312 et
476 1252 597 1329 ejus
616 1253 713 1310 Pio
728 1250 865 1310 filio:
899 1251 1220 1311 audiebatur
1235 1271 1269 1311 a

301 1337 451 1399 filio:
478 1340 699 1397 vivebat
714 1359 837 1396 cum
856 1346 930 1413 Q
951 1337 1176 1412 Catulo,
1208 1354 1266 1398 et

301 1423 467 1486 :filine
486 1445 518 1483 a
535 1431 605 1484 L.
626 1423 813 1483 Crass'o
830 1424 1134 1483 colebatur:
1154 1430 1269 1484 Lu·

301 1531 417 1587 ero,
440 1528 500 1571 et
519 1509 781 1586 Drusum,
811 1527 868 1571 et
892 1512 1180 1586 Οόὶεινίοε,
1209 1525 1271 1571 et

301 1620 365 1674 n,
400 1613 458 1657 et
494 1612 667 1656 totam
698 1595 1124 1657 Hortenfiorum
1162 1598 1267 1657 do·

301 1687 537 1746 vinitam
556 1683 951 1744 consuetudine
968 1705 1093 1746 eum
1112 1701 1267 1745 tene·

301 1774 525 1832 :iebatur
542 1769 754 1830 summo
775 1774 1013 1850 honore,
1038 1771 1190 1852 quod
1207 1792 1267 1831 e·

312 1858 493 1920 solum
504 1858 785 1933 colebant,
811 1861 907 1938 qui
925 1858 1127 1940 aliquid
1147 1879 1271 1939 per·

301 1962 431 2026 tque
454 1945 639 2005 audire
660 1945 968 2022 studebant,
1000 1966 1194 2007 verum
1208 1966 1269 2005 e·

314 2036 411 2115 qui
430 2031 574 2092 forte
586 2031 930 2093 fimulabant.
1039 2033 1272 2093 Interim

301 2141 398 2199 xgo
413 2119 736 2194 intervallo,
759 2140 881 2180 cum
906 2119 1034 2179 effet
1056 2140 1182 2180 cum
1200 2124 1271 2179 L.

301 2209 382 2270 ·in
399 2206 635 2266 Siciliam
661 2206 959 2286 prostans,
985 2224 1040 2266 et
1055 2228 1176 2266 curn
1200 2227 1274 2265 ex

303 2296 450 2356 incia
473 2314 596 2354 cum
623 2293 815 2352 eodem
848 2295 1083 2354 Lucullo
1114 2292 1274 2352 dece-

304 2384 422 2442 enit
450 2380 804 2442 Heracleam=
838 2402 980 2461 quae
1002 2401 1128 2442 cum
1143 2378 1272 2439 esset

302 2467 591 2548 :equiffimo
602 2468 730 2545 jure
745 2488 806 2526 ac
822 2468 1062 2541 foedere,
1080 2464 1183 2526 ads
1172 2467 1277 2525 cri·

302 2577 409 2614 eam
423 2556 704 2615 civitatem
724 2555 923 2614 voluit:
942 2554 1131 2633 idque,
1144 2572 1271 2612 cum

328 2639 381 2700 se
396 2641 599 2718 dignus
617 2656 924 2719 putaretur,
948 2657 1066 2699 tum
1082 2645 1271 2699 aufto·

303 2743 325 2786 t
354 2749 453 2806 gra
461 2729 535 2789 tia
563 2727 797 2792 Luculli
828 2734 899 2795 ab
920 2723 1315 2796 Hetanxmffx-

303 2819 519 2884 mavit.
569 2820 712 2886 data
737 2824 829 2892 est
857 2827 1086 2895 eiv’uas
1115 2815 1364 2888 &havit

605 2924 669 2982 A
724 2939 766 3005 3
1410 2894 1775 2949 <n
