2050 3984
393 846 658 907 usuxrro.
763 848 819 924 38,

223 941 308 1009 (lidit.
330 941 470 1003 nihilsane
478 950 560 1003 Attae
568 945 715 1023 juvabant.
740 967 824 1029 anag·

226 1033 332 1107 nostae,
344 1031 425 1090 libelli
440 1033 587 1109 etiampro
600 1034 667 1090 vino
682 1031 759 1111 saepe
773 1057 826 1115 op·

226 1120 452 1200 pignerabantur:
464 1116 828 1181 manebatinsaurabileab·

220 1205 341 1286 dumeti,
353 1206 449 1284 copiae
456 1203 629 1264 deficiebant.
653 1207 747 1283 itaque
757 1204 826 1267 sem·

220 1310 278 1371 ’ρετ
287 1288 445 1350 versabatur
458 1291 488 1348 in
505 1288 551 1369 spe
566 1311 655 1350 rerum
668 1311 823 1354 novarume

221 1380 289 1437 otio
298 1375 714 1457 et·tranquillitattreipublicae
729 1377 825 1438 conse·

189 1484 219 1531 52
227 1462 366 1524 erescebat.
411 1461 754 1543 Ecquaeseditiounquum
764 1464 827 1542 luit,

227 1554 258 1611 iu
266 1572 321 1631 qua
329 1569 389 1609 nou
401 1549 446 1608 ille
459 1551 610 1630 princeps?
621 1554 699 1629 ecqui
716 1551 825 1611 seditio·

227 1636 284 1712 sus,
299 1638 342 1697 cui
354 1637 398 1695 ille
409 1658 467 1697 non
479 1631 640 1696 familiaris?
653 1655 826 1717 ecquaetur·

230 1725 462 1797 bulentaconcio‚
473 1724 553 1799 cujus
568 1724 614 1782 ille
629 1745 687 1783 non
700 1728 824 1785 concita·

227 1812 289 1870 tor?
302 1814 346 1869 cui
355 1812 426 1868 bene
436 1809 506 1867 dixit
518 1829 639 1888 unquam
651 1812 743 1870 buno?
756 1813 826 1871 bene

229 1896 316 1957 dixit?
330 1899 516 1974 immo‚quem
524 1896 622 1956 fortem
632 1913 660 1955 et
672 1899 776 1956 bonum
785 1899 824 1955 ci·

228 2004 292 2044 vem
308 2003 367 2041 non
382 1982 588 2062 petulantillrme
604 1982 641 2042 est
657 1981 823 2043 insectatus?

227 2072 289 2151 qui,
301 2085 331 2129 ut
339 2069 434 2144 credo,
442 2089 501 2128 non
511 2067 633 2128 libidinis
641 2068 729 2144 caula,
742 2067 785 2129 sed
795 2086 826 2129 ut

228 2157 364 2239 plebicola
372 2156 676 2231 videretur‚libertinum
684 2157 764 2216 duxit
772 2176 825 2216 ux·

222 2265 316 2305 orem.
339 2246 363 2303 ie
375 2243 410 2302 de
420 2239 628 2321 mesuffragium
636 2244 710 2317 tulit,
723 2245 747 2301 is
756 2242 825 2303 affu-

222 2333 262 2406 it,
281 2335 305 2391 it
319 2331 446 2390 interfuit
459 2329 548 2410 epulis
559 2346 588 2389 et
595 2330 825 2407 gratulationibus

221 2416 434 2498 ¹parricidarum.
457 2420 486 2475 in
502 2435 560 2495 quo
575 2431 667 2475 tamen
680 2414 719 2474 est
727 2436 771 2474 me
783 2416 828 2474 ul·

229 2519 287 2578 tus,
302 2524 363 2563 cum
372 2503 421 2562 illo
429 2509 479 2561 o're
488 2503 616 2562 inimicos
624 2500 661 2560 eli
672 2521 749 2561 meos
764 2500 825 2560 sua·

229 2593 335 2650 viatus.
359 2591 418 2668 qui,
430 2588 505 2667 quali
516 2608 575 2647 mea
585 2587 665 2668 eulpa
676 2590 750 2648 bona
762 2609 825 2669 per·

229 2676 341 2749 diderit,
349 2678 388 2733 ita
397 2677 434 2734 ob
442 2694 500 2732 eum
509 2672 592 2753 ipsam
600 2673 704 2735 causam
713 2674 825 2737 estmilri

229 2763 370 2836 inimicus,
386 2763 451 2840 quia
462 2760 533 2819 nihil
543 2764 633 2822 habet.
665 2777 756 2821 utrum
773 2784 827 2839 ego

228 2852 278 2910 tibi
286 2851 483 2931 patrimonium
490 2850 588 2927 eripui,
601 2848 683 2922 Gelli,
696 2869 730 2907 an
739 2862 770 2907 tu
778 2867 828 2907 eo·

227 2936 351 2996 medilli?
364 2936 451 3015 quid?
468 2950 569 2994 tumeo
577 2932 713 3015 periculo,
728 2953 825 3010 gurges

228 3041 261 3080 ac
272 3041 377 3098 vorago
388 3023 560 3101 patrimonii,
572 3018 736 3079 helluabare:
749 3034 791 3093 ut,
807 3016 827 3078 st

226 3104 384 3185 egoconsul
392 3109 582 3187 rempublicam
590 3120 687 3165 contra
696 3118 827 3180 teutgre·

227 3193 302 3275 galet
316 3208 379 3257 tuus
394 3193 585 3277 delendiilem,
600 3194 639 3255 iu
655 3184 853 3255 extimate
