2050 3984
344 831 645 890 RESPONsis.
722 845 791 905 ,σος

190 927 410 1005 viingenii,·ant
423 923 588 998 confiliisui‚
606 924 651 985 sed
666 927 790 1005 quodam

193 1032 290 1073 errore
304 1010 416 1082 nostr03
428 1030 510 1088 quem
526 1011 636 1090 quidem
648 1011 705 1085 ille,
717 1012 793 1091 quod

194 1096 326 1158 obscurus
348 1116 407 1155 non
430 1111 507 1169 etat,
544 1095 625 1155 facile
646 1094 793 1177 perspexit.

194 1187 250 1244 hoc
267 1186 341 1242 enim
357 1184 439 1240 etiam
456 1183 563 1261 turpius
582 1181 723 1240 afflieiatue
742 1181 795 1243 res·

195 1268 316 1350 publica,
328 1267 403 1346 quod
417 1287 452 1326 ne
460 1270 494 1327 ab
501 1287 536 1326 eo
543 1267 652 1346 quidem
664 1283 793 1344 vexatur,

195 1370 241 1430 ut,
251 1369 382 1432 tanquam
395 1352 474 1411 fortis
486 1355 515 1411 in
528 1354 686 1432 pugnavit,
698 1373 794 1434 accep·

196 1441 235 1499 tie
246 1439 340 1498 eforti
354 1436 511 1497 adversario
522 1437 682 1497 vulneribus
695 1439 794 1498 adver·

197 1523 487 1597 fineaderevideatut.
503 1526 795 1583 Tib.Gtacchueeon·

197 1611 276 1671 vellit
285 1610 382 1669 statum
390 1611 521 1668 civitatis.
534 1629 589 1686 qna
596 1611 730 1685 gravitate
737 1612 792 1671 viri

198 1716 253 1775 que
264 1696 438 1775 eloquentia!
452 1714 507 1773 qua
521 1694 665 1770 dignitate!
683 1696 752 1754 nihil
763 1711 795 1754 ut

199 1802 215 1841 a
227 1784 323 1861 patris,
339 1784 438 1858 avique
450 1779 572 1837 Africani
588 1778 739 1857 praestabili
750 1786 798 1839 in·

197 1865 320 1947 fignique
328 1868 440 1939 virtute,
449 1881 638 1944 praeterquam
647 1863 795 1943 quodase·

198 1968 265 2012 natu
278 1950 435 2024 desciverat,
454 1949 611 2008 deflexiiintt
635 1948 742 2009 senntns
758 1948 796 2010 est

199 2044 234 2098 C.
248 2041 399 2097 Gracchus.
423 2056 482 2115 quo·
492 2037 616 2112 ingenioi
631 2051 734 2114 quanta
746 2037 792 2095 vii

199 2139 302 2202 quanta
309 2124 444 2201 gravitate
452 2121 606 2180 dicendilnt
613 2120 796 2181 dolerentbo·

198 2212 228 2269 ni
237 2229 346 2283 omnes,
365 2228 424 2266 non
437 2208 483 2266 illa
498 2222 575 2265 tanta
587 2223 749 2266 ornamenta
762 2205 798 2266 ad

198 2296 339 2355 meliorem
357 2308 489 2367 mentem,
503 2292 730 2372 voluntatemque
744 2292 797 2353 effe

199 2378 341 2439 converse.
364 2377 420 2457 ipse
432 2385 467 2438 L.
475 2381 639 2437 Saturninus
650 2376 797 2437 itafuitef·

199 2464 334 2536 frenatus,
346 2479 374 2521 et
382 2468 453 2543 pene
464 2464 590 2538 dement,
601 2480 632 2522 ut
650 2468 743 2523 auster
757 2461 799 2522 es·

199 2548 239 2608 set
247 2551 382 2626 egregius,
393 2564 427 2606 et·
436 2549 470 2608 ad
485 2551 593 2609 animos
605 2551 796 2630 impetitorum

199 2633 374 2706 excitandos,
383 2634 642 2714 inflammandosque
651 2635 795 2715 perfidus.

200 2741 265 2779 nam
277 2719 342 2799 quid
353 2740 403 2797 ego
411 2719 482 2779 deP.
492 2720 614 2800 Sulpicio
622 2721 735 2801 loquar?
747 2742 797 2779 cu·

196 2807 244 2884 jus
261 2822 337 2865 tanta
351 2807 379 2864 in
393 2806 509 2865 dicendo
517 2808 650 2883 gravitas,
666 2807 798 2881 tamaju-

198 2894 335 2965 cunditas,
351 2908 428 2950 tanta
443 2894 564 2951 brevitas
575 2891 638 2964 fuit,
654 2905 686 2947 ut
698 2888 796 2969 poiset,

198 2979 242 3037 vel
258 2995 288 3036 ut
306 2978 456 3054 prudentes
471 2990 605 3048 errarent,
624 2974 671 3034 vel
686 2976 795 3034 utboni

198 3064 290 3121 minus
300 3064 369 3121 bene
381 3059 525 3134 sentirent,
532 3057 801 3139 perficeredioendn·.

196 3168 258 3208 cunt
266 3149 309 3208 his
318 3148 493 3227 conflieiati,
505 3161 535 3208 et
543 3143 705 3230 ptnissnte
710 3142 829 3220 pnxt'ne
