2050 3984
317 481 400 589 cn:
426 522 657 587 nnnucto.
743 545 800 606 257

240 624 535 705 ostendito‚fipoteris,
544 628 656 686 vitium:
672 645 735 704 ego,
745 649 800 706 qua

219 719 310 775 itione
321 716 426 788 tulerit,
435 713 559 782 docebo:
567 736 619 772 nec
630 717 682 774 erit
693 716 759 773 haec
770 737 800 774 a·

201 805 237 863 iia
244 804 317 861 ratio
326 801 449 876 Plancio,
462 822 493 860 ac
505 800 654 862 Laterenfi.
678 821 755 876 nam,
768 817 801 862 ut

200 909 270 971 quas
282 890 370 949 tribus
378 891 412 947 'tu
420 887 514 964 tulisti,
526 886 617 965 fijam‘
626 905 697 949 exte
709 891 802 969 requi·

198 997 270 1052 ram,
283 976 374 1056 poffis,
390 995 509 1055 quorum
524 973 612 1035 studio
627 975 734 1054 tuleris,
750 996 802 1037 ex·

198 1065 323 1146 plicare:
340 1061 375 1124 fic
386 1083 440 1141 ego
455 1065 509 1124 hoc
524 1063 678 1138 contendo,
691 1083 735 1124 me
749 1065 802 1124 tibi

197 1150 247 1233 ipfi
259 1148 424 1226 adversario,
440 1148 628 1231 cujuscunque
636 1152 724 1211 tribiis
732 1152 801 1211 rati·

159 1250 187 1285 ²0
198 1260 280 1301 onem
291 1236 460 1320 poposceris,
473 1237 654 1299 redditurum.
692 1238 802 1302 sedeur

197 1348 250 1406 ego
258 1326 294 1387 sic
306 1347 359 1404 ago
371 1327 381 1385 i
399 1322 474 1405 quaii
485 1345 546 1384 non
557 1326 744 1404 comitiisjatn
755 1326 801 1387 su·

197 1414 353 1493 petionibus
364 1410 398 1470 fit
414 1412 541 1471 Plancius
556 1410 710 1491 defiguntua
726 1413 800 1473 aedi·

197 1498 244 1562 lis.
269 1504 339 1579 quae
350 1500 462 1560 comitia
469 1497 590 1576 primum
601 1499 699 1558 habere
707 1500 801 1580 coepit

197 1585 295 1648 consul
316 1584 380 1646 cuni
397 1584 529 1644 omnibus
545 1584 575 1643 in
595 1585 675 1644 rebus
695 1583 800 1647 summa

198 1675 372 1746 auctoritate,
391 1687 448 1731 tum
465 1673 562 1729 harum
576 1669 693 1750 ipsarum
708 1672 801 1750 legum

197 1764 315 1823 ambitus
324 1764 429 1822 sutton:
442 1756 543 1818 deinde
550 1759 649 1818 habere
656 1761 747 1840 coepit
755 1759 800 1821 su·

196 1851 268 1925 bito,
278 1864 384 1930 praeter
392 1848 555 1927 opinionem
564 1848 702 1907 omnium:
712 1862 744 1907 ut
752 1866 801 1925 ne,

195 1935 364 2018 iicogitsffet
373 1934 485 2016 quidem
494 1931 627 2014 quispiam
635 1935 739 2015 largiri,
750 1934 800 1996 da·

197 2040 270 2085 retur
282 2024 397 2105 spatium
408 2020 598 2101 comparandi
621 2038 736 2083 vocatae
747 2023 798 2083 tri.-

196 2113 269 2171 bus:
286 2111 371 2171 latum
387 2104 563 2186 suffragium:
580 2105 741 2188 descriptae,
755 2128 799 2168 re·

196 2202 349 2259 nuntiatae.
373 2197 456 2273 ionge
464 2195 612 2273 plurimum
621 2194 798 2257 valuitPlan·

196 2289 267 2347 cius.
292 2285 368 2344 nulla
379 2283 535 2360 largitionis
547 2282 672 2360 necfuit,
686 2281 798 2346 necelse

195 2375 288 2454 potuit
300 2370 425 2453 suspicio.
441 2369 598 2432 antandem
611 2391 666 2431 una
673 2372 800 2431 centuria

194 2461 388 2543 praerogativa
399 2463 507 2518 tantum
522 2458 604 2517 habet
614 2458 800 2535 annositatis,

194 2565 226 2610 ut
233 2569 316 2610 nemo
324 2568 447 2628 unquam
457 2547 536 2627 prior
544 2544 718 2619 e'aan‘tul‘esit,
726 2543 799 2623 quin

195 2640 370 2695 renuntiatus
381 2634 413 2694 fit
423 2656 432 2693 s
444 2649 475 2692 tu
485 2644 534 2691 aut
545 2632 588 2690 his
602 2629 666 2709 ipiis
677 2628 799 2691 comitiis

195 2719 395 2794 consularibus,
411 2734 458 2779 ant
469 2731 544 2778 certe
554 2716 583 2775 in
599 2715 677 2780 illum
692 2716 797 2779 annunt

194 2807 310 2869 aedilem
318 2806 462 2869 Plancium
468 2804 815 2876 {attumtn'nainssanm

182 2917 246 2959 non
259 2897 370 2981 exigua
384 2917 456 2986 pata
472 2890 600 2983 pouuiit
610 2877 850 2956 inunum&
