2050 3984
372 821 642 882 rsexrro.
758 837 816 898 409

200 961 278 1018 rum,
294 938 551 1016 scelusinfidelium,
566 935 689 998 fraudem
699 937 811 999 invido·

202 1048 276 1087 rum.
293 1025 313 1084 fi
324 1029 378 1086 hoc
387 1024 490 1085 nonest
498 1023 574 1104 satls,
586 1022 666 1103 qued
674 1025 815 1085 haecom··

203 1115 253 1172 nia
269 1110 358 1172 delete
369 1112 501 1172 videntur
517 1110 607 1170 recfitu
621 1127 701 1170 meo:
720 1110 810 1170 multo

203 1200 285 1272 mihi,
298 1197 398 1270 multo,
410 1198 537 1275 inquam,
549 1194 672 1273 Judlcer,
683 1193 810 1272 praestat,

203 1286 234 1344 in
242 1281 565 1350 erndcmillamrecidcre¹
574 1282 811 1360 fortuitam‚quam

204 1385 315 1430 tantam
331 1372 482 1451 importare
495 1371 565 1428 meis
580 1366 770 1427 defensoribus
782 1367 815 1431 et'

204 1454 647 1518 conservatoribusmlcmitrtem.
671 1475 707 1512 an
718 1474 771 1531 ego
780 1457 811 1516 im

204 1546 255 1602 hac
266 1545 333 1603 urbe
345 1539 397 1602 elle
408 1541 514 1622 poffim,
533 1543 576 1601 his
592 1539 686 1621 pullis,
702 1543 751 1618 qui
766 1545 813 1600 me'

204 1629 290 1706 hujus
298 1629 373 1687 urbis
385 1644 543 1707 compotem
552 1627 696 1687 fecerunt?
711 1647 770 1686 non
779 1649 809 1687 c·

204 1733 250 1789 ro,
266 1735 327 1773 non
338 1729 438 1794 potero
451 1712 513 1788 esse,
526 1715 649 1789 Judices:
663 1734 753 1792 neque
765 1716 811 1773 hic
837 1769 839 1774 .

205 1794 329 1878 unquam
345 1821 423 1879 puer,
435 1802 483 1881 qui
495 1801 539 1858 his
555 1799 696 1878 lacrymis,
712 1819 766 1878 qua
778 1799 812 1860 fit

205 1885 810 1967 mmmmdmhmmamfflbmueffiopmp·

206 1987 315 2047 terme,
335 1993 379 2032 mc
395 1971 482 2052 ipsum
501 1972 668 2033 incolumem
685 1973 811 2033 videbit:

202 2075 270 2135 trec,
280 2055 497 2138 quotiescunque
505 2080 548 2119 me
556 2058 667 2134 viderit,
682 2059 811 2137 ingemis-

207 2160 263 2218 cet,
276 2165 307 2204 ac
316 2142 413 2225 pestem
422 2144 506 2219 suam,
518 2160 546 2204 ct
554 2148 640 2225 patris
650 2145 699 2220 sul,
708 2145 759 2206 sese
768 2148 810 2205 di·

206 2246 252 2290 cer
260 2230 363 2290 videre.
387 2252 439 2308 ego
450 2234 519 2292 verb
528 2253 579 2291 vos
589 2234 619 2292 in
631 2234 708 2291 omni
720 2235 810 2293 fortu-

207 2336 256 2391 na,
265 2336 445 2396 quaecunque
453 2321 504 2377 erit
513 2320 617 2394 oblata,
629 2318 810 2397 compleclar:

208 2423 261 2461 nec
272 2422 316 2460 mc
326 2406 411 2478 abiis,
419 2425 491 2483 quos
500 2425 561 2467 mco
569 2407 683 2463 nomine
692 2404 815 2464 sordida·

210 2503 257 2546 tos
268 2487 380 2563 videtis,
395 2510 518 2568 unquam
533 2488 588 2548 ulla
601 2488 714 2549 fortuna
725 2491 814 2551 divel-

210 2574 250 2632 let
261 2594 269 2632 ε
282 2592 371 2651 neque
381 2595 428 2632 eac
446 2578 587 2651 nationes,
601 2577 702 2654 quibus
714 2598 757 2635 mc
773 2576 814 2638 se-

211 2674 294 2718 natus
302 2659 520 2736 commendavit,
536 2663 635 2741 quibus
647 2662 681 2721 dc
693 2684 736 2723 me
747 2686 812 2740 gra·

210 2747 266 2805 tias
277 2747 345 2822 egit,
361 2749 434 2806 hunc
446 2748 556 2807 exulem
567 2763 681 2828 propter
697 2770 740 2807 me
756 2749 817 2810 fine

210 2831 453 2895 mevidcbunt.sed
461 2839 529 2896 haec
537 2833 573 2894 dii
583 2833 816 2914 immortales,qu't

210 2939 256 2980 me
274 2916 328 2977 suis
349 2921 458 2998 templis
482 2921 675 2981 advenientem
701 2941 812 3001 recepe·¹

212 3020 291 3079 runt,
312 3004 438 3083 stipatum
453 3009 487 3066 ab
499 3009 542 3065 his
563 3009 630 3066 viris
650 3023 677 3065 ct
695 3013 725 3065 P.
739 3014 814 3067 Len·

152 3139 157 3146 .
212 3090 274 3150 tulo
287 3091 409 3168 consule,
425 3109 507 3174 atque
520 3092 576 3172 ipsa
588 3092 746 3173 respublica,
758 3116 814 3172 qua

213 3177 829 3268 nihilestsanctius‚vestmeporemrx,3cm-

514 3279 534 3336 S
