2050 3984
364 533 517 594 nollo
546 533 654 592 SUA·
750 545 801 592 la!

206 633 269 695 laihi
284 627 368 691 ell‘ent
384 627 547 709 opla'tiffima
564 643 593 688 et
610 624 805 704 pulcherrima,

197 719 351 798 judioerit?
364 714 499 776 summum
510 714 548 774 est
562 713 660 794 populi
677 714 808 786 Romani,

201 804 435 886 populorumque,
446 817 474 861 et
481 802 606 878 gentium
618 799 759 870 omnium,
775 819 809 857 ac

201 911 295 968 regum
310 888 455 949 confilium
471 885 591 946 senatus.
622 883 758 957 decrevit,
776 899 808 942 ut

202 997 311 1050 omnes,
318 977 366 1054 qui
376 972 573 1052 rempublicam
580 969 680 1032 salvam
688 969 739 1030 elle
747 970 807 1030 vel·

201 1063 270 1137 lent,
287 1061 383 1120 adme
399 1079 487 1119 umrm
507 1057 710 1118 defendendum
727 1058 806 1115 veni·

201 1164 276 1207 ronta
283 1144 468 1224 ostenditque,
479 1165 531 1204 nec
538 1143 605 1204 stare
613 1140 729 1223 potuille
737 1161 807 1200 rem·

200 1232 349 1313 publicam,
363 1230 383 1292 fi
399 1252 451 1308 ego
466 1252 525 1291 non
537 1228 641 1290 fitilltm
653 1227 804 1304 restitutus,

200 1340 252 1379 nec
260 1316 381 1378 luturam
392 1316 444 1377 elle
452 1316 549 1390 ullam,
560 1315 647 1376 finon
661 1314 802 1377 rediillcm.

199 1405 348 1486 proximus
363 1402 400 1464 est
411 1405 476 1464 huic
487 1403 617 1481 dignitati
627 1402 699 1462 ordo
709 1402 803 1480 eques·

198 1505 253 1554 ter.
261 1511 359 1550 omnes
368 1491 493 1550 omnium
503 1487 804 1568 publicanorumsocie·

198 1594 270 1638 tates
279 1576 314 1636 de
323 1597 386 1636 meo
395 1573 551 1648 consulatu,
559 1573 633 1634 aede
642 1576 712 1634 meis
720 1576 801 1636 rebus

198 1663 278 1741 gellis
287 1663 445 1743 atnplillrma
453 1659 804 1740 atqueornatilllmadeere·

197 1766 226 1810 ta
236 1749 373 1810 smmum.
382 1746 729 1827 scribae,quin0biscumln
740 1752 803 1808 rati-

196 1839 300 1896 onibus
312 1833 553 1913 monumentisque
564 1836 680 1914 publicis
693 1834 801 1896 versan-

196 1937 254 1997 tur,
267 1942 330 1982 non
342 1920 486 1982 obscurum
495 1921 529 1980 de
538 1923 642 1982 meisin
652 1923 800 2002 rempubli-

195 2030 253 2070 cam
261 2007 402 2069 beneficiis
412 2005 640 2086 suumjudieium,
648 2009 800 2068 decretum·

195 2115 249 2174 que
257 2094 309 2154 elle
320 2095 480 2154 voluerunt.
497 2094 603 2154 nullum
611 2094 647 2154 est
657 2097 686 2152 in
695 2099 745 2153 hac
754 2116 800 2154 ur-

193 2182 395 2272 becollegium,
403 2181 472 2240 nulli
482 2183 593 2260 pagani,
604 2184 797 2258 autmontani‚

194 2264 352 2345 (quoniam
366 2267 437 2343 plebi
454 2289 566 2346 quoque
578 2271 697 2327 urbanae
709 2271 797 2344 majo·

195 2373 240 2410 res
251 2352 333 2412 nollri
347 2355 553 2427 conventicula,
567 2353 797 2432 etquastconsrlia

197 2437 330 2515 quaedam
339 2438 389 2498 elle
398 2440 614 2519 voluerunt)qui
623 2463 682 2500 non
692 2441 798 2520 amplis-

196 2521 261 2580 fime
280 2545 337 2584 non
357 2527 443 2584 modo
460 2528 493 2584 do
505 2526 589 2586 salute
601 2549 671 2599 mea,
689 2526 732 2586 sed
745 2530 797 2586 eti·

193 2630 237 2668 am
251 2609 285 2667 tle.
298 2609 431 2686 dignitate
447 2613 632 2672 decreverint.
656 2615 798 2692 namquid

194 2716 246 2772 ego
258 2697 304 2754 illa
317 2697 424 2770 divina,
437 2719 520 2775 arque
534 2697 696 2756 immortalia
706 2703 798 2760 muni·

193 2785 343 2863 cipiorum,
361 2801 389 2841 et
405 2786 591 2862 coloniarum,
603 2801 632 2846 et
642 2789 736 2851 tot'rua
749 2798 817 2851 ltu-

187 2868 238 2928 liae
249 2872 359 2930 decreta
373 2895 619 2962 commemorem,
630 2887 746 2970 qtsibus·
760 2901 834 2950 m·

311 2967 330 3002 ἦ
474 2978 499 3032 F
