2050 3984
357 887 624 946 esuum.
735 890 793 970 383

191 982 273 1047 telles
290 1005 350 1045 non
362 1001 432 1059 erat,
444 983 514 1043 duos
522 1007 538 1043 u
546 983 652 1065 populo
664 987 794 1050 Romano

192 1087 334 1154 praetores
342 1071 425 1133 video
436 1070 487 1132 elle
498 1072 596 1131 faeios:
608 1088 648 1144 et,
658 1090 794 1152 quantum

193 1158 365 1220 sermonibus
376 1159 488 1235 vulgiet
499 1157 632 1235 suffragiis
640 1160 795 1236 intelligere

194 1247 286 1327 potui,
295 1244 391 1321 praese
400 1244 520 1324 populus
528 1246 795 1322 Romanurferebet,

194 1329 243 1392 fibi
254 1331 331 1390 illum
342 1334 373 1390 in
385 1334 528 1390 tribunatu
537 1337 596 1391 Cn.
606 1335 725 1392 Domitii
734 1337 794 1393 ani·

193 1437 271 1481 mum
279 1416 484 1478 conflentemet
493 1420 643 1495 egregium,
651 1435 680 1478 et
688 1428 724 1496 Q.
732 1427 795 1480 An·

194 1507 281 1566 charii
289 1503 370 1565 fidem
378 1526 410 1564 ac
417 1504 621 1580 fortitudinem,
634 1505 796 1566 etiemlini·

195 1593 236 1655 hil
243 1613 321 1671 agere
329 1591 487 1673 potuillellt‚
500 1609 590 1653 tamen
600 1592 745 1652 voluntate
753 1596 796 1674 ip·

194 1679 221 1739 sa
233 1695 339 1758 gratnm
352 1677 438 1739 fuiffe.
451 1678 595 1757 jamdeC.
608 1681 716 1739 Fannio
724 1700 796 1759 quae

194 1766 226 1827 fit
234 1765 411 1840 existimatio,
423 1766 561 1826 videmur:
575 1766 650 1843 quod
660 1767 796 1843 judicium

195 1852 293 1932 populi
306 1854 427 1911 Romani
438 1854 468 1911 in
479 1854 633 1912 honoribus
645 1854 704 1930 ejus
720 1852 797 1912 futu·

195 1959 257 1998 rum
272 1936 304 1997 fit
312 1940 417 1998 nemini
428 1931 540 1998 dubium
549 1937 599 1998 elle
608 1938 698 1998 debet.
713 1939 796 2017 quid?

196 2026 343 2107 populares
359 2024 400 2084 illi
415 2024 471 2084 duo
487 2024 554 2103 quid
564 2040 681 2103 egerunt
692 2026 703 2085 ἒ
716 2027 795 2102 alter,

194 2114 244 2192 qni
254 2128 346 2172 temen
355 2111 381 2170 se
395 2114 584 2187 continuerat,
595 2112 695 2172 tulerat
707 2113 796 2173 nihil:

195 2198 311 2260 senserat
324 2214 431 2258 tuntum
448 2198 482 2258 de
493 2198 633 2278 republica
649 2198 735 2274 eliud,
754 2214 797 2259 at·

195 2305 249 2366 que
257 2288 384 2346 homines
393 2288 585 2364 expellebant,
600 2288 645 2348 vir
656 2302 685 2345 et
693 2288 797 2365 bonus,

196 2389 225 2432 et
240 2376 388 2446 innocens,
404 2389 431 2432 et
443 2374 602 2432 bunisvirie
614 2372 716 2453 semper
732 2395 797 2453 pro·

195 2461 289 2519 butusr
299 2460 376 2539 quod
384 2459 614 2539 parumvidelicet
622 2459 758 2518 intellexit
767 2463 797 2519 in

197 2548 350 2621 tribunatu,
374 2546 441 2625 quid
461 2566 529 2605 vero
546 2545 650 2625 populo
667 2548 799 2623 probare·

195 2647 254 2707 tur,
269 2647 296 2690 et
308 2633 384 2709 quod
393 2632 471 2692 illum
483 2630 536 2691 elle
548 2633 681 2711 populum
695 2639 798 2693 Romu·

197 2738 278 2791 nuru,
290 2719 376 2796 quiin
384 2721 598 2794 concioneerat,
605 2721 799 2795 arbitrabatur,

197 2824 256 2863 non
265 2804 356 2863 tenuit
365 2824 426 2864 eum
435 2806 538 2877 locum,
548 2807 578 2864 in
587 2826 680 2885 quem,
689 2804 739 2865 niss
747 2828 799 2885 po·

195 2892 297 2971 pulerit
308 2889 359 2950 elle
367 2890 503 2966 voluillet‚
519 2891 648 2952 facillime
659 2890 800 2971 pervenis·

196 2977 246 3037 set.
270 2977 350 3052 alter,
361 2981 410 3057 qui
422 2980 461 3037 ita
473 2976 499 3037 se
507 2979 536 3037 in
550 2978 675 3058 populari
693 2977 801 3036 ratione

193 3063 324 3138 inauret,
335 3078 366 3122 ut
384 3063 515 3144 auspiciu,
526 3064 614 3140 legem
631 3061 750 3134 Aeliam,
761 3060 801 3121 se·

197 3162 281 3207 netur
293 3152 493 3225 austeritatem,
507 3148 657 3223 consulem,
669 3147 808 3222 collegae,

196 3233 335 3298 bonorum
343 3235 498 3318 judicium,
507 3234 586 3298 nillil
597 3227 825 3318 uutmthss&
