2050 3984
355 823 508 882 norro
537 824 644 882 sur.
761 823 802 901 ες

195 920 324 1005 piurima,
339 915 569 999 periculosrffima,
581 920 712 993 maxima,
727 935 801 982 terra

198 1005 406 1087 mariquebella
416 1021 495 1064 extra
511 1006 637 1066 ordinem
654 1005 706 1066 effe
723 1029 801 1068 com·

198 1092 292 1156 miffar
305 1112 423 1172 quorum
431 1112 522 1152 rerum
530 1091 549 1152 fi
557 1113 638 1172 qoem
648 1096 801 1172 poeniteat,

198 1180 401 1241 eumvidoriae
413 1179 508 1258 populi
520 1181 640 1238 Romeni
647 1182 801 1258 poenitere.

201 1289 259 1328 non
269 1269 482 1342 itatecumago.
506 1284 568 1324 cum
584 1267 629 1324 his
644 1269 711 1326 haec
727 1288 743 1325 a
759 1287 803 1326 me

199 1356 292 1414 haberi
304 1354 397 1413 oratio
410 1350 510 1431 potest,
529 1353 578 1429 qui
595 1353 634 1410 ito
650 1352 803 1429 disputant,

201 1438 272 1515 se,s1
285 1459 341 1518 qua
354 1458 396 1497 res
407 1436 442 1496 ad
454 1458 540 1496 unum
549 1436 695 1498 deferenda
708 1436 751 1513 fit,
768 1437 803 1498 ad

203 1531 260 1586 Cn.
280 1526 439 1605 Pompeium
456 1523 596 1583 delaturos
616 1526 803 1603 potiffimumr

202 1609 247 1672 sed
255 1610 282 1671 se
290 1626 370 1671 extra
378 1610 504 1669 ordinem
513 1610 582 1670 nihil
590 1613 718 1690 cuiquam
725 1611 803 1673 dare:

202 1719 265 1758 cum
273 1698 409 1776 Pompeio
420 1696 514 1755 datum
523 1694 565 1770 sit,
576 1697 603 1755 id
615 1696 641 1756 se
648 1719 699 1774 pro
711 1699 804 1773 digni·

201 1800 258 1845 tate
269 1786 393 1844 hominis
402 1802 502 1841 ornare
513 1785 624 1841 actueri
635 1781 730 1842 solere.
755 1787 807 1842 ho·

203 1892 265 1932 rom
273 1891 329 1948 ego
335 1868 499 1928 sententiam
512 1888 550 1927 ne
560 1867 679 1942 laudern,
693 1869 809 1948 impedi·

203 1979 237 2018 or
249 1964 307 2016 Cn.
321 1957 443 2035 Pompeii
458 1955 623 2034 triumphis:
637 1957 735 2032 quibus
751 1956 808 2034 ille,

204 2066 269 2107 cum
279 2041 432 2102 effeeexrra
439 2039 566 2100 ordinem
582 2041 617 2100 ad
633 2043 746 2120 patriam
762 2043 809 2103 de·

205 2128 374 2190 fendendem
383 2142 508 2200 vocatus,
520 2130 598 2186 auxit
609 2148 711 2187 nomen
720 2150 809 2211 popu·

206 2216 226 2276 li
235 2216 569 2293 Romani,imperiumque
576 2214 811 2277 honestavitrconr

207 2302 338 2363 stantiam
350 2303 451 2381 probo,
462 2321 518 2379 qua
528 2304 594 2360 mihi
604 2322 717 2380 quoque
727 2320 809 2362 uren·

207 2390 273 2450 dum
281 2389 348 2463 fuit,
362 2408 419 2466 quo
426 2387 471 2446 ille
479 2392 589 2447 audiere
597 2404 675 2447 extra
682 2387 810 2448 ordinem

208 2476 311 2535 bellum
319 2495 382 2534 cum
390 2472 811 2552 Mithridate,Tigranequeges·

209 2560 252 2622 fit.
276 2559 323 2620 sed
335 2581 399 2620 cum
415 2561 469 2619 illis
485 2575 578 2619 tamen
591 2558 696 2639 polium
707 2559 812 2638 aliquid

191 2648 196 2656 “
212 2645 360 2725 disputare.
375 2662 423 2705 tua
431 2666 498 2704 vero
506 2666 575 2723 quae
583 2661 659 2704 tanta
667 2646 813 2725 impuden-

215 2734 255 2791 tia
265 2731 312 2807 est,
327 2749 358 2792 ut
365 2732 464 2792 audeas
476 2731 576 2808 dicere,
591 2747 669 2791 extra
684 2732 813 2793 ordinem

216 2816 276 2878 dari
283 2820 350 2878 nihil
358 2821 486 2897 cuiquam
493 2819 637 2898 oportere?
647 2821 695 2895 qui
703 2819 814 2878 cumle·

213 2925 249 2984 ge
266 2904 369 2965 nefaria
385 2906 583 2977 Ptolemaeum,
607 2924 698 2980 regem
715 2907 814 2981 Cypri,

214 2992 328 3053 fratrem
345 2994 417 3069 regis
433 2989 627 3062 Alexandrini,
642 2988 739 3048 eodem
750 2991 815 3066 jure

216 3074 830 3159 regnantem‚causiincognitiffiubiieoffiez,

207 3164 574 3244 populumquelromenum
591 3163 701 3236 sceiere
715 3163 849 3251 roriger-
