2050 3984
376 816 423 873 Ῥ.
442 815 656 874 snxmo.
768 816 825 896 389

191 904 657 989 m‘summoingeniopmeditumss
701 910 823 970 'rumil-

227 997 266 1072 h,
281 1012 389 1075 quanto
405 1017 467 1062 cum
482 998 587 1073 gemitu
599 993 694 1074 populi
710 997 832 1056 Romani

228 1085 263 1142 ab
283 1081 380 1142 eodem
400 1081 482 1159 paulo
500 1080 561 1160 post
579 1083 610 1140 in
628 1080 722 1140 eedem
737 1080 832 1142 fabule

206 1216 208 1220 ,
228 1166 292 1228 sunt
303 1168 374 1226 aeia?
389 1168 396 1197 ‘
410 1168 430 1226 ὁ
443 1169 529 1246 peter'
543 1207 551 1226 .
564 1209 572 1227 .
583 1209 592 1227 .
604 1186 660 1240 me,
670 1186 715 1225 me
726 1165 771 1225 ille
782 1170 835 1227 ab·.

227 1252 343 1326 sentem,
359 1268 390 1312 ut
404 1268 520 1332 patrem,
534 1251 738 1333 ,deplorandum
750 1268 831 1333 pute·

226 1357 283 1416 rat,
299 1360 381 1420 quem
399 1348 435 1415 Q.
454 1340 581 1413 Catulus,
596 1360 679 1418 quem
690 1339 770 1398 multi
782 1337 834 1400 aiii

226 1426 304 1508 saepe
315 1430 342 1485 in
355 1426 447 1488 stenem
462 1442 567 1505 petrem
578 1428 683 1505 patriae
698 1426 834 1485 nomine·

226 1531 301 1575 rant.
325 1528 434 1593 quanto
445 1534 507 1574 cum
522 1514 587 1573 fletu
603 1511 637 1572 de
651 1511 707 1571 illie
726 1511 829 1573 nostrie

226 1600 361 1661 incendiis
372 1602 510 1672 reminis,
525 1619 587 1660 cum
596 1615 700 1680 petrem
710 1597 830 1678 pulsum,

226 1690 343 1768 patriam
351 1687 473 1746 afflieiam
481 1686 647 1766 deploraret,
659 1686 771 1746 domum
783 1689 828 1746 in·

227 1772 334 1838 censam
355 1771 558 1848 eversamque?
581 1770 616 1832 fic
635 1774 708 1849 egit,
731 1787 763 1830 ut
782 1772 830 1831 de·

226 1858 379 1919 monstrata
390 1857 501 1937 pristina
513 1857 638 1933 fortuna,
649 1878 712 1919 cum
721 1856 747 1917 se
759 1878 829 1917 con·

227 1943 359 2018 vertisset,
375 1945 384 1976 ‘
396 1948 463 2004 haec
478 1947 574 2005 omnia
585 1946 642 2004 vidi
654 1946 827 2005 inflammari’

227 2074 255 2095 ..
267 2049 275 2093 ’.
286 2075 294 2092 .
307 2033 403 2091 fletum
413 2033 495 2091 etiam
503 2033 622 2091 inimicis
631 2048 713 2112 atque
721 2032 825 2091 invidie

225 2120 370 2181 excitaret.
383 2117 482 2199 predii
492 2118 672 2178 immortales!
687 2119 767 2197 quid?
780 2119 829 2179 issa

225 2203 458 2286 quemadmodum
473 2207 546 2265 dixit
561 2205 655 2266 idem?
677 2207 829 2284 quaemihi

225 2293 381 2372 quidemita
389 2308 417 2350 et
427 2298 485 2352 aeia
494 2308 521 2351 et
534 2289 631 2371 scripta
643 2292 772 2352 videntur
787 2291 828 2353 es·

227 2376 265 2454 st,
277 2395 308 2438 ut
316 2379 360 2438 vel
369 2400 384 2437 a
394 2380 506 2453 Catulo,
519 2376 694 2453 firevixiffet,
707 2380 828 2459 praecia-

226 2463 339 2544 repoffe
356 2465 411 2526 dici
423 2465 592 2528 viderentur.
616 2467 639 2523 is
655 2468 730 2523 enim
744 2464 832 2524 iibere

226 2550 434 2630 reprehendere,
453 2568 482 2611 et
498 2551 623 2612 accusare
636 2551 730 2632 populi
751 2572 828 2610 non-

227 2655 371 2714 nunquam
383 2639 563 2697 temeritatem
574 2637 688 2712 solebat,
696 2653 743 2697 aut
750 2659 828 2697 erro-

226 2742 285 2782 rem
294 2720 415 2782 senattis:
425 2723 460 2783 (ὁ
468 2723 615 2802 ingratifici
623 2726 830 2803 Argiv1,inanes

226 2808 238 2841 ‘
250 2811 338 2884 Graii,
349 2812 523 2870 immemores
530 2810 679 2871 beneficii?
695 2825 829 2868 moneret

226 2895 295 2956 illud
306 2896 417 2974 quidem
428 2918 536 2956 verum.
560 2917 620 2956 non
632 2897 707 2953 enim
715 2895 830 2969 ingrati,

228 2980 274 3044 sed
282 2980 489 3061 miseri,quibus
498 2981 611 3042 reddere
619 2981 831 3057 salutem‚aquo

228 3083 403 3146 acceperant,
421 3091 481 3130 non
496 3069 608 3129 liceret:
630 3088 683 3136 ¹nec
701 3084 774 3123 unus
796 3067 830 3124 in

229 3173 396 3236 quemquem
404 3176 528 3237 unquam
536 3153 849 3236 metior,qmemmm
