2050 3984
578 557 636 576 μ..

175 416 858 728 m

360 803 650 865 ·a.sux'r10.
760 805 816 885 3⁶3

212 899 322 979 ¹sentio,
332 917 361 964 et
371 900 449 983 quod
459 897 696 962 mecumsentiunt
706 908 820 981 omues)

215 993 323 1065 divini,
341 987 442 1067 infigui
456 989 587 1069 quadam,
598 986 732 1064 inaudita,
743 1010 820 1050 nova

222 1076 413 1154 magnitudine
419 1077 518 1152 animi,
531 1076 676 1153 gravitate,
685 1073 822 1155 fideprae·

224 1163 289 1239 dui,
297 1163 395 1224 domus
404 1162 440 1222 est
448 1177 608 1242 oppugnata
614 1160 822 1240 ferro,facibua,

184 1269 218 1314 ar.
226 1252 348 1311 exercitu
364 1249 513 1310 clodiano.
589 1254 627 1308 Et
643 1263 672 1307 tu
687 1249 822 1310 hocloco

224 1338 322 1399 laudas
335 1336 483 1412 Milonem,
496 1351 528 1396 et
540 1336 603 1414 jure
613 1334 718 1396 laudae.
740 1356 823 1416 quem

226 1427 302 1487 euim
310 1444 432 1505 unquam
440 1426 531 1484 virum
539 1439 596 1484 tam
606 1422 757 1483 unmortali
766 1425 823 1484 vir·

226 1529 287 1573 tute
298 1511 434 1573 vidimus?
449 1512 510 1591 qui,
527 1509 606 1571 nullo
621 1511 744 1591 praemio
759 1532 825 1592 pro·

222 1598 328 1682 pufito,
336 1602 513 1680 praeterhac,
526 1597 666 1678 quodjam
673 1601 826 1659 contritum

217 1704 256 1750 ,et
263 1703 454 1767 contemptum
463 1701 588 1766 putatur,
593 1685 727 1762 judicium
734 1687 825 1746 bono-

227 1793 303 1848 rum,
317 1775 412 1833 omnia
425 1771 557 1852 pericula,
572 1770 691 1832 summes
706 1771 826 1847 labores,

217 1860 400 1942 ¹grauiffimaa
408 1857 827 1938 contentione32inimicitiusque

229 1945 365 2026 suscepit?
382 1949 430 2026 qui
441 1948 508 2006 mihi
519 1966 591 2005 unus
602 1963 638 2005 ex
646 1945 775 2005 omnibus
787 1948 827 2006 ci·

229 2034 312 2095 vibus
331 2033 439 2093 videtur
456 2055 484 2094 re
498 2030 629 2108 dacuiue,
645 2052 705 2092 non
723 2035 827 2109 verbis,

230 2120 298 2201 quid
310 2136 450 2200 oporteret
458 2143 474 2180 a
482 2118 708 2202 praestantiffimis
720 2122 788 2180 viria
797 2122 827 2180 in

229 2208 368 2290 republica
379 2206 449 2284 fieri,
460 2207 566 2288 etquid
577 2204 679 2279 necesse
691 2206 756 2267 esset
767 2230 774 2266 ε
788 2217 828 2267 0·

221 2312 341 2378 ,portare
349 2299 493 2356 hominum
504 2295 658 2369 audacium,
671 2293 829 2354 eversorum

223 2383 394 2462 seipubiicae
402 2383 505 2457 sceleri,
516 2382 621 2459 legibus
630 2397 657 2440 et
666 2381 776 2457 judiciis
788 2402 830 2440 re·

231 2467 358 2528 fisterezsi
365 2470 437 2547 leges
448 2491 507 2528 non
516 2467 762 2543 valerent‚judicia
769 2488 830 2528 non

231 2553 328 2629 effeut,
347 2554 367 2614 sa
386 2556 534 2635 respublica
544 2555 574 2614 vi
584 2551 771 2634 consensuque
781 2577 830 2615 au·

232 2643 352 2717 dacium,
365 2645 446 2702 armis
458 2640 582 2722 oppreffa
590 2655 736 2716 teneretur;
752 2664 832 2722 prae·

232 2728 301 2788 fidio
312 2744 340 2787 et
352 2730 440 2808 copiis
454 2728 565 2788 defendi
581 2730 667 2788 vitam
678 2745 706 2788 et
722 2729 832 2789 liberta·

232 2832 288 2876 tem
298 2816 469 2876 necessceffe.
485 2819 539 2876 huc
550 2816 658 2892 sentire,
672 2815 834 2895 prudentiae

232 2902 280 2964 est:
294 2903 392 2979 fucere,
402 2904 576 2964 fortitudinis
586 2926 595 2962 a
607 2919 636 2961 et
651 2902 749 2961 sentite
764 2906 833 2963 veru

234 3004 264 3047 et
280 2990 378 3063 fucere,
390 2990 521 3069 perfeetae
532 2988 738 3066 cumulataeque
746 2991 835 3049 virtu·

236 3076 284 3134 tis.
312 3074 379 3134 adiit
394 3076 427 3136 ad
439 3076 633 3157 rempublicam
644 3075 839 3150 tribunusque-

236 3162 293 3240 bia,
314 3161 405 3224 uilo:
424 3162 458 3226 de
469 3159 748 3244 cu'guauauu'eaxuxa
756 3159 875 3215 uncam»

512 3259 552 3332 Q
572 3270 595 3316 2
771 3267 802 3294 “·
