2050 3984
341 818 493 877 DOMO
520 819 627 878 SUA.
743 833 781 908 23

181 915 279 982 scelere
287 917 439 978 conflatum
448 913 490 990 fit,
498 936 543 976 me
550 915 784 990 occultaremu-

180 1027 253 1066 cere.
276 1003 345 1065 illud
359 1023 427 1063 vero
439 1001 476 1062 est
487 1005 608 1064 hominis
616 1004 731 1080 ingrati,
741 1021 784 1064 ta·

181 1113 250 1152 ατε.
267 1089 785 1170 iraquelibentiffimrpraedicrbo,cn.

182 1180 344 1258 Pompeium
359 1175 449 1236 studio
463 1191 490 1234 et
507 1179 670 1236 auctoritate
686 1197 786 1258 aeque,

182 1281 447 1342 utunumquemque
459 1260 587 1335 vestrdm,
595 1265 706 1341 opibus,
714 1286 785 1324 con·

183 1353 322 1423 tentione,
345 1349 489 1428 precibus,
508 1349 636 1427 periculis
652 1350 784 1428 denique,

156 1451 176 1486 ¹2
186 1439 387 1516 praecipuepro
395 1432 479 1494 salute
490 1434 697 1496 mealaboraffe.
729 1440 785 1496 Hic

187 1525 253 1597 ruis,
265 1529 297 1582 P.
310 1520 440 1593 Lentule,
449 1541 512 1582 cum
521 1536 551 1580 tu
562 1521 631 1581 nihil
639 1521 714 1582 aliud
725 1523 785 1584 dies

185 1627 210 1669 et
226 1613 333 1682 nodker,
347 1606 398 1666 nifi
417 1607 451 1666 de
462 1606 547 1666 salute
561 1628 621 1666 mea
634 1612 786 1686 cogitares,

185 1695 306 1757 confiliis
317 1695 447 1753 omnibus
456 1693 594 1758 interfuit:
612 1697 657 1752 hic
665 1699 714 1754 tibi
722 1719 784 1770 gra·

185 1784 304 1843 viffimus
313 1778 787 1852 audoradinstituendam,fideliffi·

184 1891 243 1930 mus
253 1866 387 1927 sociusad
396 1866 621 1945 comparandam,
630 1867 785 1928 fortissrmur

185 1957 297 2034 adjutor
313 1953 348 2012 ad
367 1973 425 2011 rem
441 1950 632 2031 perficiendam
650 1951 720 2012 fuitz
740 1959 785 2014 hic

185 2041 350 2122 municipia,
361 2037 538 2117 coloniasque
545 2037 625 2097 adiit:
637 2041 682 2098 hic
690 2040 785 2100 Italiae

186 2131 271 2189 totius
292 2125 427 2186 auxilium
450 2126 587 2203 cupientis
605 2126 785 2205 imploravit:

186 2218 266 2275 hicin
276 2211 372 2273 senatu
384 2213 512 2289 princeps
521 2210 729 2274 sententiaefuit
740 2238 748 2275 ε
760 2217 785 2273 i·

186 2301 371 2380 demquecum
381 2295 707 2378 dixiffet,tumeriampro
716 2299 785 2360 salu·

187 2402 212 2446 te
224 2408 286 2448 mea
299 2383 433 2464 populum
448 2386 604 2443 Romanum
619 2384 785 2446 obsecravit.

186 2493 270 2552 quare
281 2471 360 2530 istam
376 2471 543 2544 orationem,
554 2491 609 2547 qua
619 2491 648 2529 es
661 2471 735 2544 usus,
753 2493 786 2531 o·

186 2563 280 2619 mittas
289 2559 366 2617 licet:
376 2555 513 2635 postillam
523 2555 786 2638 sententianr,quam

187 2645 310 2704 dixeram
323 2643 358 2702 de
367 2663 490 2716 annona,
505 2642 786 2722 pontificumanimos

190 2731 242 2789 effe
257 2746 396 2790 mutatos:
414 2729 537 2808 perinde,
548 2729 622 2808 quafi
637 2729 678 2789 isti
689 2748 737 2790 aut
752 2733 787 2792 de

192 2822 246 2876 Cn.
261 2819 390 2897 Pompeio
402 2817 491 2888 diter,
504 2817 788 2894 atquecgoexistimo‚

188 2901 306 2963 sentiant
314 2926 328 2972 r,
339 2917 398 2976 aut,
410 2902 476 2983 quid
484 2905 553 2961 mihi
561 2922 614 2979 pro
620 2907 789 2980 expedatio·

187 3012 222 3050 ne
231 2990 329 3072 populi
340 2991 472 3062 Romani,
480 3008 533 3066 pro
540 2993 594 3043 Cn.
602 2991 723 3065 Pompeii
732 3011 788 3048 mc·

187 3079 245 3136 ritis
254 3096 384 3154 ergame,
398 3073 450 3153 p'ro
466 3075 576 3132 ratione
587 3073 642 3134 mei
658 3082 802 3162 tempor'm

184 3160 436 3239 faciwdvmmerr'r,
445 3163 602 3241 ignorentz
613 3183 668 3234 aut
675 3170 824 3258 edamssr
