2050 3984
343 877 494 936 DOMO
522 877 626 936 SUA.
742 877 781 950 89

178 997 245 1040 eum
258 973 379 1036 senatum
394 997 410 1034 a
426 975 617 1054 gubernaculis
632 973 783 1053 dejecisset,

180 1063 316 1145 populum
331 1084 346 1122 e
358 1064 423 1122 navi
433 1059 612 1136 exturbasset,
626 1061 683 1142 ipse
694 1067 783 1122 erebi·

180 1153 273 1232 pirata
284 1171 348 1210 cum
360 1168 443 1227 grege
459 1148 629 1226 praedonum
640 1149 784 1230 impurillt·

180 1259 228 1298 mo
240 1236 398 1316 plenillimit
410 1234 478 1293 velis
494 1238 656 1312 navigaret:
672 1235 703 1309 li,
715 1257 785 1316 quae

182 1338 240 1382 tum
250 1320 441 1401 promulgasti,
452 1320 785 1402 conllituisti,prontis1lli,

181 1407 340 1483 vendidisti,
355 1406 476 1487 perferre
489 1407 631 1485 potnillee,
645 1411 694 1486 qui
706 1410 785 1470 locus

183 1498 216 1554 in
232 1496 298 1554 otbe
310 1510 445 1554 tertarum
456 1495 785 1554 vacuatextraordinari·

182 1583 208 1640 ie
219 1578 347 1656 fascibus,
355 1597 438 1658 atque
445 1581 563 1658 imperio
571 1581 711 1640 Clodiano
719 1579 785 1640 fuis·

182 1665 242 1727 set?
256 1665 302 1726 sed
313 1669 450 1726 excitatus
465 1667 616 1745 aliqnando
632 1675 688 1728 Cn.
703 1675 786 1728 Potn-

182 1755 235 1833 peii
252 1752 358 1824 (dicam
365 1751 425 1830 ipso
437 1752 575 1827 audiente,
586 1755 663 1831 quod
671 1753 748 1829 sensi,
756 1769 787 1814 et

181 1839 283 1914 sentio,
295 1859 413 1918 quoquo
423 1840 518 1898 animo
529 1860 574 1897 me
585 1839 787 1916 auditttrutest)

182 1928 321 1987 excitatus
334 1928 460 2003 inquam,
475 1925 625 2004 aliquando
637 1933 693 1985 Cn.
703 1933 786 1984 Pom·

182 2015 236 2093 peii
254 2014 369 2071 nimium
382 2010 427 2070 diu
445 2012 617 2085 reconditus,
636 2028 663 2070 et
675 2015 786 2092 penitae

183 2096 320 2159 abstrusus
340 2098 425 2156 animi
447 2097 529 2157 dolor
551 2097 677 2158 subvenit
696 2098 786 2159 subito

187 2185 363 2266 reipublicae,
371 2185 567 2262 civitatemque
575 2184 686 2244 italiam
694 2186 786 2262 malit,

193 2287 302 2346 nutam,
318 2272 498 2348 debilitatam,
510 2271 640 2348 abjeelam
650 2289 734 2346 metu,
750 2273 786 2334 ad

201 2358 304 2440 liquam
317 2355 390 2436 spem
400 2358 546 2431 libertatis,
554 2373 581 2415 et
589 2358 716 2436 pristinae
724 2360 786 2434 dig·

205 2447 282 2504 itatis
294 2446 394 2504 erexit.
418 2446 462 2501 hic
473 2445 518 2502 vit·
526 2458 605 2501 extra
613 2444 738 2502 ordinem
746 2446 785 2502 rei

210 2533 381 2590 lamentariae
388 2528 584 2609 praeficiendus
593 2550 653 2589 non
661 2527 786 2588 fuitisci·

216 2613 787 2697 eettubelluonispurciffimo‚praegullato·

222 2701 366 2762 libidinum
376 2704 611 2774 tuarum,homini
619 2702 787 2780 egentilbmo

227 2787 445 2848 facinorossffimo
457 2798 519 2846 Sex.
534 2789 646 2862 Clodio,
660 2788 735 2847 socio
746 2791 788 2848 tui

232 2875 340 2956 *guinin
352 2878 400 2954 qui
416 2874 460 2933 lua
469 2875 561 2951 lingua
572 2878 653 2932 etiam
666 2873 788 2933 sororem

237 2976 322 3020 mate
335 2961 510 3032 abalienavit,
524 2981 608 3018 omne
620 2959 788 3019 frumentum

243 3062 326 3106 'atum
335 3063 363 3105 et
372 3046 620 3124 publicum,ontnes
629 3047 788 3122 provinciae

249 3135 393 3206 tentarint,
408 3151 506 3191 omnes
517 3133 676 3216 mancipet,
695 3153 802 3202 omnes

254 3239 340 3278 nram
348 3217 442 3281 claves
448 3219 513 3301 lege
523 3237 572 3288 tua
581 3225 741 3296 tradib'tlb.
754 3249 822 3316 qm
