2050 3984
345 853 673 912 noseorum·
741 868 794 933 195

193 950 300 1025 terrui,
315 948 458 1026 conjuncti
473 947 590 1007 cumnis
603 944 793 1025 religionibus,

193 1030 795 1116 nequesacerdotinmipsumguoelihaecto.

194 1122 329 1200 mreligio
337 1118 492 1193 constitum,
507 1135 597 1197 neque
607 1118 709 1178 curulis
721 1119 794 1180 aedi·

195 1206 626 1287 liter,quaemaximehancrueri
636 1206 796 1282 religionem

195 1292 278 1367 solet,
294 1290 444 1373 permovit,
460 1310 518 1369 quo
533 1292 626 1349 minue
641 1288 796 1353 cosliffimor

197 1378 280 1438 ludos
292 1380 369 1438 omni
381 1376 487 1453 flagitio
500 1376 648 1455 pollueres,
663 1374 795 1438 dedecore

197 1462 360 1535 macularer,
368 1460 626 1539 scelereobligareo?
639 1460 685 1521 sed
692 1461 796 1541 quide·

198 1570 238 1629 go
246 1549 275 1610 id
287 1549 421 1609 admiror?
439 1550 486 1625 qui
495 1546 797 1628 acteptapecuniaPes·

198 1636 335 1697 fiuuntem
353 1633 451 1714 ipsum,
466 1631 566 1707 sedern,
577 1631 812 1716 domiciliumque·

199 1724 302 1784 Matris
322 1720 446 1792 deorum,
467 1716 591 1791 vastaris,
610 1735 638 1777 et
652 1723 797 1797 Brogitaro

199 1806 394 1884 Gallograeco,
406 1806 516 1883 impuro
524 1806 630 1862 homini
639 1826 669 1863 oc
681 1805 799 1881 nefari0,

199 1892 280 1970 cujus
288 1893 380 1969 legati,
392 1907 419 1949 te
428 1891 551 1964 tribuno,
563 1888 682 1949 dividere
691 1893 720 1950 iu
734 1893 799 1953 aede

201 1978 322 2038 Castoris
339 1979 394 2035 tuis
410 1977 502 2055 operis
520 1996 648 2035 nummos
664 1974 798 2053 solebant,

202 2078 293 2124 toturn
302 2064 379 2122 illum
392 2062 496 2134 locum,
507 2060 657 2139 sanumque
670 2064 799 2122 vendide-

203 2151 241 2210 ris
254 2152 264 2208 ?
277 2147 442 2208 sacerdotem
456 2149 490 2206 ab
499 2145 561 2226 ipfis
571 2150 637 2221 aris,
648 2148 801 2229 pulvinari·

202 2235 306 2315 busque
315 2233 487 2292 detraxeris?
504 2234 665 2309 ominailla,
677 2257 745 2313 quae
753 2258 801 2295 ve·

202 2322 299 2393 tullos,
311 2341 380 2397 quae
395 2317 499 2391 Persae,
514 2339 585 2397 quae
595 2322 666 2397 Syri,
680 2342 749 2399 quae
760 2342 802 2380 re·

204 2426 254 2483 ges
266 2425 374 2476 omnes,
387 2407 434 2482 qui
446 2411 594 2484 Europam,
609 2405 752 2485 Aliamque
763 2424 803 2465 te·

206 2505 341 2561 eruerunt,
349 2488 450 2568 semper
459 2488 562 2549 summa
570 2491 704 2569 religione
712 2494 804 2552 colue-

206 2591 284 2650 runt,
302 2576 486 2653 perverteris?
505 2596 576 2654 quae
591 2577 708 2657 denique
720 2579 805 2639 nollri

206 2668 327 2740 majores
336 2675 390 2717 tam
400 2659 754 2739 sandiaduxemnt,ut,crinr
764 2688 806 2725 re·

208 2748 306 2807 sertam
316 2748 408 2805 urbem
418 2761 499 2824 atque
507 2748 613 2809 Italiam
622 2750 750 2810 fanorum
758 2755 807 2809 ha·

208 2836 345 2906 heremus,
351 2848 439 2890 tamen
450 2831 534 2891 nostri
543 2836 721 2914 imperatores
730 2856 808 2894 max·

209 2920 272 2977 imis
290 2933 317 2975 et
334 2916 559 2998 perieulofillimis
575 2920 651 2979 bellis
670 2923 732 2978 huie
744 2921 810 2981 deae

209 3020 276 3062 vota
284 3002 540 3081 lucerent,eaquein
549 3004 608 3083 ipso
617 3006 769 3065 Peffinunre
776 3010 812 3067 ad

211 3088 285 3146 illam
306 3086 389 3167 ipsam
405 3090 565 3169 principem
578 3111 676 3162 onom,
688 3091 839 3146 «ὡς

203 3173 282 3252 loco,
294 3172 420 3257 sanoque
436 3174 661 3261 persolverem.
687 3168 780 3249 quod
794 3180 842 3219 eoi

498 3274 520 3329 1
551 3282 572 3329 α
