2050 3984
151 436 888 792 u

356 795 363 817 Ι

357 879 623 938 Ρ.8ΕΧΤῙΟ.
733 894 791 957 405

192 976 792 1056 uiensea',hominea'Graecoa,lougeauos-

193 1082 302 1125 trotum
317 1065 462 1122 hominum
477 1067 611 1140 gravitate
625 1063 792 1143 disjunttos,

194 1171 254 1210 non
262 1151 375 1208 deerant
383 1149 635 1227 quirempublicam
642 1167 796 1230 contrapo-

195 1238 254 1316 puli
266 1238 445 1294 temeritatem
456 1232 647 1310 defenderent,
659 1257 723 1295 eum
731 1257 793 1298 om·

195 1343 257 1395 nea,
271 1323 319 1399 qui
331 1320 508 1395 infecerant,
519 1321 794 1399 ecivitateejiceren·

195 1423 252 1468 tur:
265 1406 285 1466 fi
296 1404 508 1466 Themistoclem
517 1406 607 1482 illum,
617 1406 796 1469 conservato·

194 1515 254 1555 rem
270 1495 385 1573 patriae,
404 1513 464 1551 non
479 1493 611 1552 deterruit
626 1514 642 1551 a
657 1496 796 1573 republica

195 1579 368 1641 defendenda
380 1600 432 1638 nec
444 1579 578 1640 Miltiadis
586 1579 738 1656 calamitas,
747 1584 796 1661 qui

196 1668 272 1727 illam
285 1668 424 1725 civitatem
437 1667 520 1746 paulo
528 1664 731 1742 antesetvarat,
743 1689 796 1730 nee

196 1752 324 1814 Aristidis
335 1752 411 1829 fuga,
429 1756 478 1831 qui
490 1772 563 1810 unua
573 1756 695 1813 omnium
706 1753 795 1831 justis·

196 1839 278 1899 fimus
293 1838 369 1898 fuisse
383 1838 520 1897 traditur:
532 1836 795 1918 fiposteasummie·

193 1925 301 2005 jusdem
308 1926 797 2009 civitatisviri,quosnominatimap·

198 2013 292 2091 pellani
301 2033 360 2071 non
369 2011 405 2071 est
416 2011 533 2087 necelle,
541 2010 687 2092 propofitis
696 2028 739 2072 tot
747 2033 796 2073 ex·

196 2100 295 2179 emplis
303 2098 459 2159 iracundiae
466 2098 638 2177 levitatisque
646 2100 796 2180 popularia,

197 2202 290 2246 tamen
299 2184 372 2244 suam
381 2186 576 2266 rempublicam
587 2185 660 2244 illum
668 2186 796 2246 defende·

197 2287 282 2333 runt:
296 2272 363 2350 qnid
375 2293 428 2331 noa
441 2271 550 2331 tandem
560 2272 648 2331 facere
656 2273 797 2350 debemus,

198 2361 319 2439 primum
334 2361 364 2417 in
384 2379 416 2418 ea
437 2360 547 2418 civitate
562 2362 632 2432 nati,
652 2360 725 2420 unde
736 2376 799 2419 orta

197 2447 267 2503 mihi
279 2447 399 2521 gravitas
410 2462 438 2504 et
446 2444 609 2521 magnitudo
624 2448 709 2505 animi
719 2446 797 2505 vide·

199 2530 265 2588 tur?
283 2545 341 2590 tum
356 2533 386 2589 in
403 2545 481 2589 tanta
492 2530 580 2607 gloria
591 2529 752 2605 insistentes,
766 2548 799 2592 ut

198 2618 295 2676 omnia
307 2619 426 2675 humana
440 2617 545 2675 leviora
560 2616 648 2674 videri
659 2617 798 2677 debeant?
854 2684 864 2693 ,

198 2700 309 2773 deiude,
325 2699 359 2760 ad
380 2722 439 2761 eam
456 2701 652 2781 rempublicam
668 2703 798 2763 tuendam

202 2786 323 2864 aggreffi,
334 2807 404 2867 quae
413 2803 490 2847 tanta
501 2787 635 2865 dignitate
643 2788 691 2862 est,
702 2805 801 2848 uteam

153 2870 155 2876 ’
199 2872 392 2934 defendentem
415 2874 543 2936 occidere
568 2893 629 2932 non
653 2873 728 2931 aliud
749 2871 801 2949 fit,

158 2951 284 3039 ⁶⁸quam
296 2976 504 3038 oppugnantem
513 2978 603 3017 rerum
612 2959 713 3037 potiri?
740 2964 801 3019 Ho-

200 3048 289 3104 mines
297 3048 406 3120 Graeci,
419 3065 493 3125 quoa
503 3060 583 3102 antea
591 3045 749 3118 nominavi,
757 3046 801 3104 iu·

200 3132 287 3208 nique
303 3151 319 3189 a
333 3129 387 3189 stris
403 3134 510 3191 civibus
526 3129 648 3188 damnati
660 3144 800 3208 atqueex·

200 3214 282 3298 putfi,
298 3232 401 3297 tamen,
417 3220 482 3302 quia
494 3219 565 3280 bene
576 3214 816 3279 suntdeidxxae'n-
