2050 3984
379 939 673 1006 ItsExTro.
769 961 824 1025 3¹4⁹

223 1040 330 1102 ferente
348 1047 381 1099 L.
402 1043 522 1115 Ninnio,
538 1041 617 1116 cujus
629 1039 658 1097 in
674 1057 733 1097 mee
749 1039 828 1101 eausa

225 1147 368 1206 nunquam
377 1126 443 1185 fides
451 1124 778 1204 virtusqueeonttemuit.
787 1131 828 1187 in-

226 1214 340 1272 tercessit
360 1215 445 1290 Ligus
466 1211 513 1271 iste
533 1209 624 1271 nescio
643 1209 702 1290 qui,
722 1212 828 1270 addita·

226 1314 351 1359 mentum
361 1301 537 1358 inimieorum
552 1317 686 1357 meorum.
711 1315 755 1354 res
770 1314 828 1357 erat

223 1396 255 1445 'et
267 1384 343 1444 causa
356 1384 446 1443 nostra
454 1385 552 1461 rojam
560 1383 626 1457 loci,
640 1398 671 1442 ut
683 1384 787 1459 erigere
797 1406 828 1444 o·

226 1472 305 1532 culos
317 1470 602 1531 et-viverevideretur.
628 1467 750 1549 quisquis
759 1486 829 1546 erat,

228 1560 277 1640 qui
289 1559 408 1637 aliquam
421 1573 525 1636 partem
538 1557 565 1613 in
583 1574 645 1613 meo
657 1555 729 1615 lueiu
746 1554 828 1617 seele-

229 1648 267 1704 ris
277 1646 406 1705 Clodiani
415 1639 553 1721 attigisset,
562 1661 731 1722 quocunque
742 1663 829 1702 vene·

228 1727 829 1810 rat,quodjudieiumcunquesubierat,dam·

229 1821 355 1877 nubatur.
372 1818 565 1875 inveniebatur
577 1835 672 1888 nemo,
683 1818 731 1893 qui
742 1814 767 1874 se
775 1815 830 1876 suf·

229 1904 348 1979 fragium
363 1902 396 1960 de
411 1923 455 1961 me
470 1899 558 1959 tuliise
569 1899 758 1959 eonfiteretur.
781 1902 828 1960 de·

227 1981 339 2049 ¹cesserat
347 2009 383 2048 ex
392 1986 453 2046 Asia
462 1987 544 2047 frater
554 2006 741 2065 meusmagno
750 1984 829 2067 squa-

230 2076 301 2149 lore,
318 2073 361 2135 sed
373 2074 462 2133 multo
474 2075 557 2133 etiam
570 2074 675 2150 majore
690 2093 827 2135 moerore.

224 2165 294 2223 buie
303 2163 336 2220 ad
350 2164 444 2220 urbem
456 2161 581 2221 venienti
594 2174 654 2218 tota
666 2160 828 2220 obviantei·

229 2253 302 2311 vitas
315 2270 376 2307 cum
385 2248 514 2327 lacrymis
526 2249 684 2326 gemituque
695 2246 829 2325 proeesse·

218 2353 284 2398 'rau
295 2337 461 2415 loquebatur
468 2331 706 2394 liberius-senatus:
715 2353 831 2393 coneur-

217 2426 327 2482 'rebant
338 2425 443 2501 equites
454 2422 586 2479 Romani:
600 2418 661 2477 Piso
674 2419 730 2494 ille,
746 2442 830 2497 genet

231 2529 319 2581 meus,
332 2512 375 2568 eui
384 2507 500 2566 fructum
508 2507 618 2585 pietatis
627 2504 688 2563 suae
696 2526 786 2584 neque
794 2527 830 2566 ex

231 2616 287 2666 me,
306 2614 395 2673 neque
414 2615 429 2651 a
445 2592 551 2672 populo
568 2597 695 2650 Romano
710 2591 781 2652 ferre
797 2592 831 2652 li·

231 2683 300 2753 cuit,
312 2701 327 2737 a
338 2682 499 2759 propinquo
507 2677 556 2737 suo
563 2675 685 2738 socerum
698 2677 773 2738 suum
783 2682 831 2739 fla·

216 2769 348 2844 'gitabatz
363 2768 455 2824 omnia
464 2763 572 2823 senatus
581 2766 730 2841 rejiciebat,
739 2766 831 2826 nitide

192 2849 707 2933 32meprimumconsulesretuliiient.
754 2861 831 2928 Quae

198 2960 200 2964 ·
215 2960 293 3001 'cum
304 2942 410 3017 resjam
419 2941 545 2998 manibus
557 2954 714 2997 teneretur:
727 2952 755 2995 et
769 2959 831 2998 cum

221 3025 359 3088 ¹consules
378 3027 584 3105 provinciarum
607 3025 734 3100 paeiione
749 3022 831 3083 liber·

234 3127 318 3171 tatem
336 3133 445 3171 omnem
467 3106 662 3191 perdidissent,
686 3110 746 3187 qui,
769 3131 832 3170 eum

233 3200 264 3257 in
274 3195 368 3256 senatu
381 3200 522 3277 privatim,
535 3210 566 3253 ut
581 3194 674 3253 deme
682 3193 847 3250 (eruum

231 3284 369 3369 fficmnt,
378 3286 602 3371 flagitabamus,
617 3267 865 3356 effluxum
