2050 3984
359 868 623 932 nsnxm.
734 864 793 944 387

189 987 254 1040 lun
266 988 296 1036 et
304 972 341 1047 is,
352 974 495 1053 qui-antea
502 986 649 1034 cantorum
659 975 791 1037 convicio

190 1062 344 1125 conciones
352 1058 488 1120 celebrere
499 1056 560 1118 sune
566 1055 683 1132 solebat,
692 1076 792 1120 cento·

191 1143 393 1225 rum-ipsorum
408 1146 527 1208 vocibus
544 1144 714 1221 ejiciebatur.
742 1161 792 1220 et,

192 1234 325 1314 quoniam
333 1228 795 1306 sedamentloestludorummeil·

191 1320 240 1382 lud
249 1317 360 1400 quidem
368 1318 630 1398 praetermltnm,in
638 1335 738 1394 magna
746 1340 795 1379 va·

191 1410 289 1470 rietate
296 1400 492 1465 sententiarum
501 1423 646 1483 nunquam
656 1403 743 1464 ullum
750 1405 794 1465 fu·

191 1489 238 1556 ille
249 1493 353 1566 locum,
372 1493 403 1550 in
415 1507 474 1569 quo
489 1488 594 1571 aliquid
610 1492 721 1571 apo'e'ta
735 1490 795 1552 dic·

191 1597 252 1643 tum
263 1578 359 1640 eadere
374 1580 404 1638 in
420 1592 531 1658 tempus
547 1574 670 1638 nostrum
685 1577 794 1639 videre·

191 1683 249 1743 tur,
264 1664 397 1745 quodeut
405 1664 540 1745 populum
551 1662 706 1724 universum
717 1664 795 1743 fi1ge·

191 1770 245 1829 ret,
260 1768 307 1813 aut
318 1773 377 1814 non
388 1753 555 1830 exprimeret
569 1749 626 1830 ipse
640 1757 726 1811 ailoe.
751 1769 792 1828 et,

190 1838 303 1920 quaeso,
315 1842 368 1897 hoc
377 1837 453 1910 loco,
462 1838 584 1913 judices,
594 1855 691 1916 nequa
703 1838 793 1897 mele·
827 1855 832 1864 ·

190 1928 279 1986 vitate
289 1923 399 1984 dullum
408 1923 442 1983 ad
450 1922 592 1983 insolitum
601 1945 689 2001 genus
701 1925 795 1984 dicen·

191 2012 219 2073 di
229 2012 281 2072 labi
290 2013 406 2092 putetis,
423 2009 484 2070 fide
494 2013 597 2089 poetis,
613 2010 795 2072 dehlllrioni·

153 2102 254 2177 5⁶bus,
263 2099 297 2158 de
309 2099 379 2159 ludis
391 2100 421 2157 in
434 2098 542 2175 judicio
550 2097 658 2177 loquar.
726 2104 794 2160 Non

191 2183 795 2264 sumtamignarus,judices,causarum,non

190 2290 247 2334 tam
256 2272 378 2333 insolens
389 2271 564 2346 indicendo,
576 2286 607 2331 ut
618 2274 695 2332 omni
703 2294 738 2331 ex
745 2294 792 2351 ge·

192 2381 257 2420 nere
265 2363 420 2421 orationem
428 2380 558 2440 aucuper,
570 2374 598 2417 et
606 2380 702 2419 omnes
710 2361 793 2418 undi-

191 2468 248 2525 que
271 2445 397 2506 flosculos
412 2468 539 2525 carpam,
560 2462 643 2525 atque
663 2445 791 2507 delibem·

192 2532 259 2605 selo,
277 2533 342 2611 quid
352 2533 472 2610 gravitas
484 2531 582 2607 vestra,
596 2532 663 2612 quid
674 2535 739 2591 haec
747 2533 796 2592 ad·

192 2621 317 2691 vocatio,
326 2619 392 2697 quid
401 2620 440 2677 illi
448 2635 616 2693 conventus,
625 2619 691 2698 quid
700 2620 793 2699 digni·

193 2721 236 2764 tas
253 2712 284 2763 P.
295 2706 392 2779 Sextii,
412 2704 478 2784 quid
493 2706 607 2786 periculi
616 2709 793 2783 magnitudo,

193 2790 261 2871 quid
273 2806 358 2865 netas,
378 2790 444 2871 quid
460 2794 551 2867 honos
571 2814 648 2852 meus
664 2794 790 2871 postulet.

191 2877 235 2939 sed
242 2877 697 2956 mihisumpfihoclocodollrinam
706 2900 794 2957 quan·

191 2965 253 3024 dam
263 2967 416 3042 juventuti,
429 2967 476 3044 qui
485 2964 736 3043 ellentoptimates.
761 2966 792 3024 in

192 3070 224 3107 ea
236 3050 397 3129 explicanda
412 3050 654 3111 demonstrandum
668 3048 716 3121 est,
733 3069 795 3113 non

192 3135 244 3195 elle
257 3138 401 3216 populares
413 3160 509 3198 omnes
522 3160 581 3212 eos,
590 3139 637 3215 qui
648 3151 797 3214 putenm.

192 3222 220 3285 id
233 3221 361 3287 facillime
369 3223 538 3308 consequar,
546 3214 828 3298 luximexlxpopffl

470 3322 500 3378 R
529 3329 550 3378 2
