2050 3984
360 819 390 878 D
405 817 430 874 0
443 815 512 874 ΜΟ
540 815 558 872 S
571 815 598 872 U
610 817 636 875 A
759 829 794 892 73

191 915 275 980 vium
282 907 364 992 salua,
371 915 442 988 vita,
451 910 573 988 liberter,
586 931 659 989 arae,
671 911 739 989 t'oci,
754 915 795 976 dii

192 1017 319 1085 penates,
328 1004 414 1076 bona,
423 999 561 1075 fortunae,
571 999 724 1076 domicilia,
735 1001 795 1062 ves·

194 1107 257 1152 trae
268 1086 425 1168 sapientiae,
440 1084 513 1160 fidei,
530 1085 709 1168 potestatique
717 1095 795 1148 com·

194 1174 280 1247 nuilla,
291 1173 451 1252 creditaque
466 1171 518 1232 elle
533 1173 689 1234 videantur.
713 1177 795 1235 vobis

192 1263 330 1326 hodierno
345 1262 390 1321 die
411 1257 630 1320 constituendum
651 1259 688 1320 est
703 1276 795 1322 utrum

192 1348 305 1430 posthac
320 1361 445 1407 amentes
462 1365 494 1404 ac
515 1345 637 1424 perditor
656 1347 794 1425 magistra·

193 1453 243 1497 tua
254 1436 442 1512 improborum
451 1451 483 1490 ac
491 1427 682 1493 sceleratorum
695 1436 798 1497 civium

193 1518 329 1605 pracsidio
341 1520 457 1594 nudare,
469 1537 504 1576 an
521 1520 601 1577 etiam
616 1519 731 1580 deorum
744 1523 796 1581 im·

193 1607 353 1670 mortalium
362 1605 496 1682 religione
503 1623 608 1664 armare
614 1608 796 1670 meltianum

192 1694 271 1756 fiilia
283 1693 358 1752 labes
372 1713 402 1750 ac
419 1692 527 1749 flamma
543 1692 704 1770 reipublicae
720 1693 796 1754 suum

192 1775 607 1858 illumpestiferumctfunestum
617 1779 797 1856 tribunatum,

193 1887 279 1948 quem
297 1865 435 1944 aequitate
452 1866 569 1921 humana
587 1866 658 1921 tueri
670 1886 726 1923 non
746 1887 798 1944 po·

193 1952 256 2027 test,
275 1951 373 2011 divin'a
389 1948 523 2024 religione
538 1948 708 2008 defenderit:
730 1953 798 2013 aliae

194 2037 370 2100 ceremoniae
390 2037 471 2093 nobis
487 2051 579 2108 crunt,
604 2035 651 2094 alii
666 2036 797 2100 antistites

196 2124 310 2185 deorum
321 2121 526 2195 immortalium,
536 2122 579 2179 alii
588 2123 748 2201 interpretes
758 2147 798 2187 re-

196 2211 333 2290 ligionum
350 2206 518 2286 requirendi.
549 2207 588 2267 fin
604 2225 695 2270 autem
711 2213 798 2273 vellra

197 2300 372 2366 auctoritate,
380 2293 576 2372 sapientiaque,
588 2297 744 2370 Pontifices,
753 2321 797 2372 ea,

196 2403 268 2462 quae
276 2382 370 2442 furore
382 2381 570 2456 improborum
580 2384 607 2440 in
618 2383 754 2462 republica
763 2387 797 2444 ab

196 2469 258 2528 aliis
278 2464 411 2547 opprella‚
427 2469 461 2524 ab
479 2465 540 2524 aliis
555 2467 668 2542 deserta,
688 2472 721 2527 ab
736 2470 797 2531 aliis

196 2554 321 2636 prodita,
340 2551 412 2630 gestu
427 2552 500 2625 sunt,
518 2552 728 2630 rescinduntur3
746 2560 797 2617 crit

197 2638 337 2712 causa‚cur
345 2636 487 2699 confilium
496 2641 678 2716 majorum‚in
689 2643 798 2722 amplis·

199 2724 276 2786 finis
284 2726 349 2785 viria
357 2726 390 2784 ad
404 2724 553 2784 sacerdotia
565 2726 727 2805 deligendis,
735 2731 798 2806 jure

200 2811 599 2890 aemerirolaudarepollrmua.
623 2812 679 2885 std,
695 2820 797 2893 quoni·

201 2920 245 2958 nm
259 2897 435 2969 illedcmens,
450 2895 470 2954 st
485 2918 527 2966 ea,
539 2918 610 2974 quae
620 2920 673 2974 ego
688 2921 735 2979 per
745 2905 798 2963 hos

198 2986 255 3045 dien
265 2987 293 3042 in
304 2982 397 3042 senatu
406 2984 438 3040 de
447 2982 585 3061 republica
598 2982 674 3056 sensu,
691 2989 799 3066 vitupe-

197 3070 289 3142 ralier,
303 3069 423 3146 aliquem
440 3067 465 3126 se
480 3070 583 3130 aditum
601 3070 636 3133 ad
653 3093 735 3137 aurea
746 3078 809 3139 uel·

197 3155 473 3217 traaelklrabiturum
481 3165 610 3242 putavit,
619 3168 766 3234 omittam
775 3191 828 3232 ot·

312 3247 343 3284 a·
476 3252 505 3304 D
