2050 3984
345 802 654 862 RSEXTIQ.
736 824 799 884 wss

190 919 249 963 uno
260 895 401 978 sagittario
410 919 453 958 me
462 898 541 978 queri
554 897 716 958 convenire.
732 907 795 961 aeia

191 1007 254 1048 mea
268 983 315 1044 fibi
328 986 367 1044 ait
381 981 538 1063 displicere=
551 984 614 1062 quia
622 981 729 1043 nescit?
746 988 795 1065 qui

191 1074 280 1151 legem
287 1092 346 1130 earn
354 1085 528 1143 communae,
539 1089 609 1147 quae
617 1067 737 1129 dilucide
744 1092 794 1130 ve·

192 1174 245 1234 tat,
252 1157 417 1236 gladiatores
425 1157 551 1228 biennio,
558 1175 623 1236 'quo
631 1157 695 1234 quis
707 1157 794 1235 petie·

193 1246 241 1318 rit,
254 1260 300 1302 aut
314 1246 449 1322 petiturus
457 1241 500 1318 iit,
516 1239 602 1300 dare?
618 1242 648 1300 in
663 1261 722 1320 quo
734 1242 795 1320 ejus

192 1332 374 1391 temeritatem
386 1328 449 1388 satis
467 1328 574 1402 mirari,
589 1326 715 1404 judices,
733 1350 795 1390 non

194 1438 279 1497 queo.
304 1415 371 1475 facit
390 1415 551 1494 apertissime
567 1430 667 1474 contra
686 1412 794 1492 legem:

194 1505 262 1565 facit
277 1506 314 1578 is,
330 1504 378 1582 qui
393 1523 483 1582 neque
499 1500 570 1561 elabi
581 1521 617 1560 ex
629 1499 736 1580 judicio
748 1502 796 1582 ju·

195 1590 336 1654 canditate
344 1588 496 1668 sua,neque
502 1588 592 1648 emitti
600 1589 689 1666 gratia
695 1586 796 1667 potesta

195 1697 285 1756 neque
297 1678 395 1755 opibus
407 1692 435 1734 et
452 1675 579 1755 potentia
594 1674 666 1752 leges
681 1675 797 1753 acjudi·

196 1766 238 1823 cia
249 1762 426 1841 perfringere.
450 1782 521 1840 quae
536 1781 580 1820 res
591 1761 732 1842 hominem
744 1763 803 1840 img.

196 1850 285 1931 pellit,
300 1864 331 1908 ut
345 1846 378 1907 fit
392 1865 449 1908 tam
460 1848 670 1927 intemperans?
687 1844 734 1906 ista
752 1847 798 1907 ni·

196 1937 252 1997 mia
262 1934 366 2013 gloriae
378 1934 530 2016 ¹cupiditate
545 1932 676 1992 familiam
691 1932 796 2012 gladia·

196 2023 307 2096 toriam,
316 2021 410 2098 credo,
418 2025 513 2081 nactus
522 2017 569 2093 est,
579 2016 735 2098 speciosam,
744 2040 797 2081 no·

196 2110 292 2180 bilem,
307 2107 466 2187 gloriosam.
490 2120 573 2165 norat
583 2103 668 2164 studia
683 2106 799 2187 populi:

197 2195 310 2256 videbat
324 2195 458 2255 clamores
469 2208 498 2252 et
512 2189 662 2264 concursus
673 2191 793 2254 futuros.

197 2285 248 2344 hac
259 2284 449 2362 expectatione
460 2280 548 2340 elatos
563 2282 661 2354 homo,
677 2280 800 2358 flagrans

198 2369 347 2447 cupiditate
362 2368 477 2445 gloriae,
490 2364 685 2426 reneresenon
693 2369 799 2446 potuit,

199 2458 268 2532 quin
280 2458 331 2514 hos
341 2454 505 2531 gladiatores
512 2452 663 2526 induceret,
679 2472 799 2532 quorum

199 2537 264 2600 effet
279 2538 335 2618 ipse
351 2541 561 2619 pulcherrimus.
584 2536 721 2610 iiobcam
734 2559 800 2599 cau·

201 2624 257 2684 sam
272 2643 406 2704 peccaret,
420 2641 448 2684 et
458 2645 510 2705 pro
522 2628 628 2686 recenti
635 2624 730 2705 populi
740 2632 799 2686 Ro·

200 2713 277 2773 mani
286 2710 503 2784 insebeneficio,
514 2711 640 2791 populari
648 2711 735 2772 studio
743 2712 800 2771 ela·
853 2732 857 2738 ·

202 2814 266 2858 tus:
279 2814 370 2858 tamen
378 2796 531 2877 ignosceret
542 2819 637 2864 nemo.
660 2819 723 2857 cum
731 2818 800 2858 vero

200 2885 283 2946 aede
299 2886 443 2946 venalibus
460 2884 571 2964 quidem
587 2884 713 2942 homines
729 2885 800 2946 elec·

201 2987 264 3043 tos,
277 2969 321 3029 sed
332 2993 368 3031 ex
379 2971 519 3050 ergastulis
533 2985 659 3050 emptos,
677 2971 801 3031 nomini·

201 3058 253 3118 bus
264 3057 434 3133 gladiatoriis
446 3058 566 3130 ornarit,
581 3073 608 3115 et
616 3053 714 3113 sortito
730 3055 801 3120 alios

202 3145 357 3225 Samnites,
374 3146 445 3208 aiios
462 3152 674 3209 provocatore
687 3139 828 3207 iecere,
