<?xml version="1.0" encoding="UTF-8"?>
<!DOCTYPE html PUBLIC "-//W3C//DTD XHTML 1.0 Transitional//EN"
    "http://www.w3.org/TR/xhtml1/DTD/xhtml1-transitional.dtd">
<html xmlns="http://www.w3.org/1999/xhtml" xml:lang="en" lang="en">
 <head>
  <title>
</title>
<meta http-equiv="Content-Type" content="text/html;charset=utf-8" />
  <meta name='ocr-system' content='tesseract 3.04.00' />
  <meta name='ocr-capabilities' content='ocr_page ocr_carea ocr_par ocr_line ocrx_word'/>
</head>
<body>
  <div class='ocr_page' id='page_1' title='image "./mtulliiciceroni25cicegoog_0099.png"; bbox 0 0 2050 3984; ppageno 0'>
   <div class='ocr_carea' id='block_1_1' title="bbox 185 873 800 3177">
    <p class='ocr_par' dir='ltr' id='par_1_1' title="bbox 185 873 790 2325">
     <span class='ocr_line' id='line_1_1' title="bbox 347 873 786 944; baseline 0.002 -16"><span class='ocrx_word' id='word_1_1' title='bbox 347 873 377 928; x_wconf 91' lang='lat' dir='ltr'>D</span> <span class='ocrx_word' id='word_1_2' title='bbox 391 875 416 928; x_wconf 93' lang='grc'>0</span> <span class='ocrx_word' id='word_1_3' title='bbox 430 873 498 929; x_wconf 91' lang='grc' dir='ltr'>ΜΟ</span> <span class='ocrx_word' id='word_1_4' title='bbox 532 873 588 928; x_wconf 83' lang='lat' dir='ltr'>SU</span> <span class='ocrx_word' id='word_1_5' title='bbox 602 875 637 930; x_wconf 84' lang='grc' dir='ltr'>Δ.</span> <span class='ocrx_word' id='word_1_6' title='bbox 747 889 786 944; x_wconf 83' lang='grc'>97</span> 
     </span>
     <span class='ocr_line' id='line_1_2' title="bbox 185 963 789 1046; baseline 0 -17"><span class='ocrx_word' id='word_1_7' title='bbox 185 967 354 1044; x_wconf 53' lang='lat' dir='ltr'>meantia,</span> <span class='ocrx_word' id='word_1_8' title='bbox 365 967 448 1042; x_wconf 84' lang='lat' dir='ltr'>quite</span> <span class='ocrx_word' id='word_1_9' title='bbox 456 964 613 1046; x_wconf 80' lang='lat' dir='ltr'>adoptavit,</span> <span class='ocrx_word' id='word_1_10' title='bbox 624 965 669 1026; x_wconf 83' lang='lat' dir='ltr'>vel</span> <span class='ocrx_word' id='word_1_11' title='bbox 677 963 727 1027; x_wconf 84' lang='lat' dir='ltr'>filii</span> <span class='ocrx_word' id='word_1_12' title='bbox 739 970 789 1028; x_wconf 85' lang='lat' dir='ltr'><strong>tibi</strong></span> 
     </span>
     <span class='ocr_line' id='line_1_3' title="bbox 185 1051 789 1132; baseline 0 -20"><span class='ocrx_word' id='word_1_13' title='bbox 185 1055 251 1112; x_wconf 79' lang='lat' dir='ltr'>loco</span> <span class='ocrx_word' id='word_1_14' title='bbox 259 1073 310 1132; x_wconf 86' lang='lat' dir='ltr'>per</span> <span class='ocrx_word' id='word_1_15' title='bbox 318 1065 435 1110; x_wconf 81' lang='lat' dir='ltr'>aetatem</span> <span class='ocrx_word' id='word_1_16' title='bbox 443 1051 494 1110; x_wconf 83' lang='lat' dir='ltr'>effe</span> <span class='ocrx_word' id='word_1_17' title='bbox 502 1052 789 1130; x_wconf 77' lang='lat' dir='ltr'>potuerit3veleoquo</span> 
     </span>
     <span class='ocr_line' id='line_1_4' title="bbox 185 1137 790 1214; baseline 0 -17"><span class='ocrx_word' id='word_1_18' title='bbox 185 1139 249 1198; x_wconf 83' lang='lat' dir='ltr'>fuit.</span> <span class='ocrx_word' id='word_1_19' title='bbox 265 1137 731 1214; x_wconf 78' lang='lat' dir='ltr'>deindequodeausaquaerisoleat</span> <span class='ocrx_word' id='word_1_20' title='bbox 741 1138 790 1197; x_wconf 88' lang='lat' dir='ltr'>ad·</span> 
     </span>
     <span class='ocr_line' id='line_1_5' title="bbox 187 1222 790 1304; baseline 0 -22"><span class='ocrx_word' id='word_1_21' title='bbox 187 1225 315 1304; x_wconf 86' lang='lat' dir='ltr'>optandi,</span> <span class='ocrx_word' id='word_1_22' title='bbox 327 1237 360 1281; x_wconf 86' lang='lat' dir='ltr'>ut</span> <span class='ocrx_word' id='word_1_23' title='bbox 375 1224 435 1280; x_wconf 79' lang='lat' dir='ltr'>etia</span> <span class='ocrx_word' id='word_1_24' title='bbox 451 1223 574 1301; x_wconf 85' lang='lat' dir='ltr'>adoptet,</span> <span class='ocrx_word' id='word_1_25' title='bbox 583 1225 642 1300; x_wconf 84' lang='lat' dir='ltr'>qui,</span> <span class='ocrx_word' id='word_1_26' title='bbox 653 1222 790 1300; x_wconf 84' lang='lat' dir='ltr'>quodna-</span> 
     </span>
     <span class='ocr_line' id='line_1_6' title="bbox 189 1307 790 1387; baseline 0 -19"><span class='ocrx_word' id='word_1_27' title='bbox 189 1311 313 1385; x_wconf 72' lang='lat' dir='ltr'>mrijam</span> <span class='ocrx_word' id='word_1_28' title='bbox 321 1307 424 1384; x_wconf 78' lang='lat' dir='ltr'>affequi</span> <span class='ocrx_word' id='word_1_29' title='bbox 435 1329 493 1366; x_wconf 86' lang='lat' dir='ltr'>non</span> <span class='ocrx_word' id='word_1_30' title='bbox 506 1307 604 1387; x_wconf 84' lang='lat' dir='ltr'>potest,</span> <span class='ocrx_word' id='word_1_31' title='bbox 614 1323 643 1366; x_wconf 86' lang='lat' dir='ltr'>et</span> <span class='ocrx_word' id='word_1_32' title='bbox 654 1309 790 1384; x_wconf 80' lang='lat' dir='ltr'>legitimo,</span> 
     </span>
     <span class='ocr_line' id='line_1_7' title="bbox 187 1392 788 1474; baseline 0 -20"><span class='ocrx_word' id='word_1_33' title='bbox 187 1411 212 1454; x_wconf 84' lang='lat' dir='ltr'>et</span> <span class='ocrx_word' id='word_1_34' title='bbox 227 1392 377 1474; x_wconf 80' lang='lat' dir='ltr'>pontificio</span> <span class='ocrx_word' id='word_1_35' title='bbox 389 1393 454 1469; x_wconf 83' lang='lat' dir='ltr'>jure</span> <span class='ocrx_word' id='word_1_36' title='bbox 463 1408 595 1470; x_wconf 76' lang='lat' dir='ltr'>quaerat:</span> <span class='ocrx_word' id='word_1_37' title='bbox 610 1396 687 1452; x_wconf 82' lang='lat' dir='ltr'>etita</span> <span class='ocrx_word' id='word_1_38' title='bbox 702 1394 788 1474; x_wconf 85' lang='lat' dir='ltr'>adop·</span> 
     </span>
     <span class='ocr_line' id='line_1_8' title="bbox 188 1478 790 1557; baseline 0.002 -19"><span class='ocrx_word' id='word_1_39' title='bbox 188 1495 277 1552; x_wconf 79' lang='lat' dir='ltr'>tet,ut</span> <span class='ocrx_word' id='word_1_40' title='bbox 286 1478 397 1557; x_wconf 84' lang='lat' dir='ltr'>nequid</span> <span class='ocrx_word' id='word_1_41' title='bbox 409 1478 497 1536; x_wconf 84' lang='lat' dir='ltr'>autde</span> <span class='ocrx_word' id='word_1_42' title='bbox 505 1478 639 1554; x_wconf 79' lang='lat' dir='ltr'><strong>dignitate</strong></span> <span class='ocrx_word' id='word_1_43' title='bbox 646 1499 790 1554; x_wconf 84' lang='lat' dir='ltr'>generum,</span> 
     </span>
     <span class='ocr_line' id='line_1_9' title="bbox 190 1562 789 1639; baseline 0.003 -17"><span class='ocrx_word' id='word_1_44' title='bbox 190 1579 236 1622; x_wconf 83' lang='lat' dir='ltr'>aot</span> <span class='ocrx_word' id='word_1_45' title='bbox 247 1564 281 1622; x_wconf 85' lang='lat' dir='ltr'>de</span> <span class='ocrx_word' id='word_1_46' title='bbox 290 1562 428 1622; x_wconf 84' lang='lat' dir='ltr'>sacrorum</span> <span class='ocrx_word' id='word_1_47' title='bbox 439 1563 572 1639; x_wconf 81' lang='lat' dir='ltr'><strong>religione</strong></span> <span class='ocrx_word' id='word_1_48' title='bbox 582 1566 733 1624; x_wconf 86' lang='lat' dir='ltr'>minuatur.</span> <span class='ocrx_word' id='word_1_49' title='bbox 754 1565 789 1624; x_wconf 90' lang='lat' dir='ltr'>il·</span> 
     </span>
     <span class='ocr_line' id='line_1_10' title="bbox 190 1649 788 1729; baseline 0.003 -21"><span class='ocrx_word' id='word_1_50' title='bbox 190 1649 234 1710; x_wconf 85' lang='lat' dir='ltr'>lod</span> <span class='ocrx_word' id='word_1_51' title='bbox 243 1652 274 1708; x_wconf 86' lang='lat' dir='ltr'>in</span> <span class='ocrx_word' id='word_1_52' title='bbox 283 1651 393 1728; x_wconf 81' lang='lat' dir='ltr'>primis,</span> <span class='ocrx_word' id='word_1_53' title='bbox 409 1668 510 1726; x_wconf 85' lang='lat' dir='ltr'>nequa</span> <span class='ocrx_word' id='word_1_54' title='bbox 522 1649 670 1721; x_wconf 84' lang='lat' dir='ltr'>calumnia,</span> <span class='ocrx_word' id='word_1_55' title='bbox 682 1671 718 1708; x_wconf 83' lang='lat' dir='ltr'>ne</span> <span class='ocrx_word' id='word_1_56' title='bbox 733 1671 788 1729; x_wconf 86' lang='lat' dir='ltr'>qua</span> 
     </span>
     <span class='ocr_line' id='line_1_11' title="bbox 189 1732 788 1812; baseline 0 -18"><span class='ocrx_word' id='word_1_57' title='bbox 189 1735 273 1808; x_wconf 76' lang='lat' dir='ltr'>fraus,</span> <span class='ocrx_word' id='word_1_58' title='bbox 284 1755 321 1794; x_wconf 87' lang='lat' dir='ltr'>ne</span> <span class='ocrx_word' id='word_1_59' title='bbox 332 1735 395 1812; x_wconf 77' lang='lat' dir='ltr'>quis</span> <span class='ocrx_word' id='word_1_60' title='bbox 404 1732 486 1792; x_wconf 74' lang='lat' dir='ltr'>dolus</span> <span class='ocrx_word' id='word_1_61' title='bbox 497 1733 665 1792; x_wconf 84' lang='lat' dir='ltr'>adhibeatur:</span> <span class='ocrx_word' id='word_1_62' title='bbox 679 1751 708 1792; x_wconf 82' lang='lat' dir='ltr'>ut</span> <span class='ocrx_word' id='word_1_63' title='bbox 722 1739 788 1795; x_wconf 81' lang='lat' dir='ltr'>haec</span> 
     </span>
     <span class='ocr_line' id='line_1_12' title="bbox 188 1818 788 1897; baseline -0.003 -17"><span class='ocrx_word' id='word_1_64' title='bbox 188 1819 310 1882; x_wconf 80' lang='lat' dir='ltr'>fimulata</span> <span class='ocrx_word' id='word_1_65' title='bbox 319 1819 434 1897; x_wconf 86' lang='lat' dir='ltr'>adoptio</span> <span class='ocrx_word' id='word_1_66' title='bbox 443 1818 501 1891; x_wconf 83' lang='lat' dir='ltr'>filii,</span> <span class='ocrx_word' id='word_1_67' title='bbox 517 1839 598 1896; x_wconf 88' lang='lat' dir='ltr'>quam</span> <span class='ocrx_word' id='word_1_68' title='bbox 611 1822 729 1878; x_wconf 78' lang='lat' dir='ltr'>maxime</span> <span class='ocrx_word' id='word_1_69' title='bbox 741 1841 788 1880; x_wconf 86' lang='lat' dir='ltr'>ve·</span> 
     </span>
     <span class='ocr_line' id='line_1_13' title="bbox 188 1903 788 1981; baseline 0 -15"><span class='ocrx_word' id='word_1_70' title='bbox 188 1909 298 1966; x_wconf 81' lang='lat' dir='ltr'>ritatem</span> <span class='ocrx_word' id='word_1_71' title='bbox 308 1905 384 1964; x_wconf 83' lang='lat' dir='ltr'>illam</span> <span class='ocrx_word' id='word_1_72' title='bbox 398 1903 629 1981; x_wconf 85' lang='lat' dir='ltr'>suscipiendorum</span> <span class='ocrx_word' id='word_1_73' title='bbox 640 1905 788 1966; x_wconf 78' lang='lat' dir='ltr'>liberorum</span> 
     </span>
     <span class='ocr_line' id='line_1_14' title="bbox 187 1988 788 2067; baseline 0 -17"><span class='ocrx_word' id='word_1_74' title='bbox 187 1992 302 2051; x_wconf 81' lang='lat' dir='ltr'>imitata·</span> <span class='ocrx_word' id='word_1_75' title='bbox 312 1990 365 2050; x_wconf 78' lang='lat' dir='ltr'>effe</span> <span class='ocrx_word' id='word_1_76' title='bbox 385 1988 518 2050; x_wconf 84' lang='lat' dir='ltr'>videatur.</span> <span class='ocrx_word' id='word_1_77' title='bbox 549 2010 619 2067; x_wconf 85' lang='lat' dir='ltr'>quae</span> <span class='ocrx_word' id='word_1_78' title='bbox 635 1993 725 2066; x_wconf 83' lang='lat' dir='ltr'>major</span> <span class='ocrx_word' id='word_1_79' title='bbox 742 2013 788 2050; x_wconf 83' lang='lat' dir='ltr'>ca·</span> 
     </span>
     <span class='ocr_line' id='line_1_15' title="bbox 188 2074 788 2152; baseline -0.002 -15"><span class='ocrx_word' id='word_1_80' title='bbox 188 2074 352 2148; x_wconf 78' lang='lat' dir='ltr'>lumniaess,</span> <span class='ocrx_word' id='word_1_81' title='bbox 367 2094 448 2152; x_wconf 86' lang='lat' dir='ltr'>quam</span> <span class='ocrx_word' id='word_1_82' title='bbox 457 2077 707 2134; x_wconf 77' lang='lat' dir='ltr'>venireimberbem</span> <span class='ocrx_word' id='word_1_83' title='bbox 722 2077 788 2136; x_wconf 86' lang='lat' dir='ltr'>ado·</span> 
     </span>
     <span class='ocr_line' id='line_1_16' title="bbox 193 2161 788 2232; baseline -0.002 -10"><span class='ocrx_word' id='word_1_84' title='bbox 193 2162 380 2232; x_wconf 55' lang='lat' dir='ltr'>amulum,</span> <span class='ocrx_word' id='word_1_85' title='bbox 399 2161 632 2231; x_wconf 83' lang='lat' dir='ltr'>benevalentem,</span> <span class='ocrx_word' id='word_1_86' title='bbox 657 2183 689 2220; x_wconf 87' lang='lat' dir='ltr'>ac</span> <span class='ocrx_word' id='word_1_87' title='bbox 707 2165 788 2221; x_wconf 89' lang='lat' dir='ltr'>mari-</span> 
     </span>
     <span class='ocr_line' id='line_1_17' title="bbox 203 2243 788 2325; baseline -0.002 -17"><span class='ocrx_word' id='word_1_88' title='bbox 203 2244 460 2322; x_wconf 82' lang='lat' dir='ltr'>um,dicere,filium</span> <span class='ocrx_word' id='word_1_89' title='bbox 469 2243 619 2304; x_wconf 83' lang='lat' dir='ltr'>senatorem</span> <span class='ocrx_word' id='word_1_90' title='bbox 629 2247 722 2325; x_wconf 85' lang='lat' dir='ltr'>populi</span> <span class='ocrx_word' id='word_1_91' title='bbox 732 2255 788 2307; x_wconf 90' lang='lat' dir='ltr'>Ro·</span> 
     </span>
    </p>

    <p class='ocr_par' dir='ltr' id='par_1_2' title="bbox 215 2331 789 2836">
     <span class='ocr_line' id='line_1_18' title="bbox 215 2331 788 2408; baseline -0.007 -14"><span class='ocrx_word' id='word_1_92' title='bbox 215 2337 261 2394; x_wconf 85' lang='lat' dir='ltr'>ani</span> <span class='ocrx_word' id='word_1_93' title='bbox 272 2332 320 2390; x_wconf 87' lang='lat' dir='ltr'>fibi</span> <span class='ocrx_word' id='word_1_94' title='bbox 332 2331 402 2388; x_wconf 87' lang='lat' dir='ltr'>velle</span> <span class='ocrx_word' id='word_1_95' title='bbox 411 2331 550 2408; x_wconf 81' lang='lat' dir='ltr'>adoptare:</span> <span class='ocrx_word' id='word_1_96' title='bbox 567 2332 595 2390; x_wconf 86' lang='lat' dir='ltr'>id</span> <span class='ocrx_word' id='word_1_97' title='bbox 607 2350 697 2391; x_wconf 80' lang='lat' dir='ltr'>autom</span> <span class='ocrx_word' id='word_1_98' title='bbox 709 2331 788 2404; x_wconf 85' lang='lat' dir='ltr'>scire,</span> 
     </span>
     <span class='ocr_line' id='line_1_19' title="bbox 229 2417 789 2488; baseline -0.007 -8"><span class='ocrx_word' id='word_1_99' title='bbox 229 2419 328 2480; x_wconf 82' lang='lat' dir='ltr'>videre</span> <span class='ocrx_word' id='word_1_100' title='bbox 343 2435 452 2488; x_wconf 83' lang='lat' dir='ltr'>omnes,</span> <span class='ocrx_word' id='word_1_101' title='bbox 469 2437 526 2474; x_wconf 90' lang='lat' dir='ltr'>non</span> <span class='ocrx_word' id='word_1_102' title='bbox 540 2434 570 2475; x_wconf 90' lang='lat' dir='ltr'>ut</span> <span class='ocrx_word' id='word_1_103' title='bbox 582 2417 789 2476; x_wconf 72' lang='lat' dir='ltr'>illcsaliusinsti·</span> 
     </span>
     <span class='ocr_line' id='line_1_20' title="bbox 227 2501 789 2578; baseline -0.004 -16"><span class='ocrx_word' id='word_1_104' title='bbox 227 2521 291 2572; x_wconf 62' lang='lat' dir='ltr'>aur,</span> <span class='ocrx_word' id='word_1_105' title='bbox 309 2501 353 2560; x_wconf 81' lang='lat' dir='ltr'>scd</span> <span class='ocrx_word' id='word_1_106' title='bbox 364 2517 416 2558; x_wconf 83' lang='lat' dir='ltr'>ute</span> <span class='ocrx_word' id='word_1_107' title='bbox 429 2505 548 2578; x_wconf 67' lang='lat' dir='ltr'>patriciis</span> <span class='ocrx_word' id='word_1_108' title='bbox 558 2519 648 2569; x_wconf 79' lang='lat' dir='ltr'>excat,</span> <span class='ocrx_word' id='word_1_109' title='bbox 662 2518 689 2560; x_wconf 83' lang='lat' dir='ltr'>et</span> <span class='ocrx_word' id='word_1_110' title='bbox 702 2505 789 2560; x_wconf 84' lang='lat' dir='ltr'>tribu·</span> 
     </span>
     <span class='ocr_line' id='line_1_21' title="bbox 235 2587 787 2667; baseline 0.009 -25"><span class='ocrx_word' id='word_1_111' title='bbox 235 2591 338 2667; x_wconf 70' lang='lat' dir='ltr'>aplebis</span> <span class='ocrx_word' id='word_1_112' title='bbox 348 2587 403 2644; x_wconf 76' lang='lat' dir='ltr'>fieri</span> <span class='ocrx_word' id='word_1_113' title='bbox 418 2588 505 2663; x_wconf 69' lang='lat' dir='ltr'>poffit,</span> <span class='ocrx_word' id='word_1_114' title='bbox 521 2589 624 2645; x_wconf 62' lang='lat' dir='ltr'>ichrco</span> <span class='ocrx_word' id='word_1_115' title='bbox 639 2588 787 2664; x_wconf 67' lang='lat' dir='ltr'>adoptari?</span> 
     </span>
     <span class='ocr_line' id='line_1_22' title="bbox 244 2671 787 2750; baseline 0 -20"><span class='ocrx_word' id='word_1_116' title='bbox 244 2695 277 2732; x_wconf 84' lang='lat' dir='ltr'>ue</span> <span class='ocrx_word' id='word_1_117' title='bbox 287 2675 314 2732; x_wconf 87' lang='lat' dir='ltr'>id</span> <span class='ocrx_word' id='word_1_118' title='bbox 324 2671 513 2730; x_wconf 77' lang='lat' dir='ltr'>obscurem-am</span> <span class='ocrx_word' id='word_1_119' title='bbox 524 2673 684 2750; x_wconf 72' lang='lat' dir='ltr'>adoptatum</span> <span class='ocrx_word' id='word_1_120' title='bbox 694 2695 787 2730; x_wconf 85' lang='lat' dir='ltr'>eman-</span> 
     </span>
     <span class='ocr_line' id='line_1_23' title="bbox 253 2757 789 2836; baseline 0.004 -22"><span class='ocrx_word' id='word_1_121' title='bbox 253 2760 276 2816; x_wconf 83' lang='lat' dir='ltr'>ri</span> <span class='ocrx_word' id='word_1_122' title='bbox 285 2757 383 2826; x_wconf 78' lang='lat' dir='ltr'>statim,</span> <span class='ocrx_word' id='word_1_123' title='bbox 400 2757 632 2833; x_wconf 77' lang='lat' dir='ltr'>nalitejusfilius,</span> <span class='ocrx_word' id='word_1_124' title='bbox 645 2760 789 2836; x_wconf 84' lang='lat' dir='ltr'>quiadop-</span> 
     </span>
    </p>

    <p class='ocr_par' dir='ltr' id='par_1_3' title="bbox 261 2843 791 3089">
     <span class='ocr_line' id='line_1_24' title="bbox 261 2843 789 2919; baseline -0.004 -19"><span class='ocrx_word' id='word_1_125' title='bbox 261 2885 268 2900; x_wconf 89' lang='lat'>.</span> <span class='ocrx_word' id='word_1_126' title='bbox 291 2863 340 2900; x_wconf 86' lang='lat' dir='ltr'>cur</span> <span class='ocrx_word' id='word_1_127' title='bbox 351 2864 417 2916; x_wconf 69' lang='lat' dir='ltr'>ergo</span> <span class='ocrx_word' id='word_1_128' title='bbox 430 2843 595 2910; x_wconf 71' lang='lat' dir='ltr'>adoptatur?</span> <span class='ocrx_word' id='word_1_129' title='bbox 616 2847 729 2919; x_wconf 80' lang='lat' dir='ltr'>probate</span> <span class='ocrx_word' id='word_1_130' title='bbox 741 2864 789 2916; x_wconf 77' lang='lat' dir='ltr'>ge-</span> 
     </span>
     <span class='ocr_line' id='line_1_25' title="bbox 268 2925 790 3006; baseline -0.008 -20"><span class='ocrx_word' id='word_1_131' title='bbox 268 2925 412 3006; x_wconf 84' lang='lat' dir='ltr'>doptionis</span> <span class='ocrx_word' id='word_1_132' title='bbox 427 2951 432 2984; x_wconf 94' lang='lat'><strong>:</strong></span> <span class='ocrx_word' id='word_1_133' title='bbox 447 2930 503 3002; x_wconf 75' lang='lat' dir='ltr'>jam</span> <span class='ocrx_word' id='word_1_134' title='bbox 518 2931 641 2986; x_wconf 76' lang='lat' dir='ltr'>omnium</span> <span class='ocrx_word' id='word_1_135' title='bbox 657 2927 730 2984; x_wconf 82' lang='lat' dir='ltr'>sacra</span> <span class='ocrx_word' id='word_1_136' title='bbox 747 2929 790 2983; x_wconf 86' lang='lat' dir='ltr'>in-</span> 
     </span>
     <span class='ocr_line' id='line_1_26' title="bbox 273 3011 791 3089; baseline -0.004 -17"><span class='ocrx_word' id='word_1_137' title='bbox 273 3016 451 3089; x_wconf 67' lang='lat' dir='ltr'>¹nt,quorum</span> <span class='ocrx_word' id='word_1_138' title='bbox 461 3013 583 3070; x_wconf 72' lang='lat' dir='ltr'>custodes</span> <span class='ocrx_word' id='word_1_139' title='bbox 592 3033 643 3068; x_wconf 76' lang='lat' dir='ltr'>vos</span> <span class='ocrx_word' id='word_1_140' title='bbox 652 3011 702 3068; x_wconf 75' lang='lat' dir='ltr'>ass&#39;e</span> <span class='ocrx_word' id='word_1_141' title='bbox 711 3013 791 3070; x_wconf 78' lang='lat' dir='ltr'>debe-</span> 
     </span>
    </p>

    <p class='ocr_par' dir='ltr' id='par_1_4' title="bbox 282 3097 800 3177">
     <span class='ocr_line' id='line_1_27' title="bbox 282 3097 800 3177; baseline 0.008 -21"><span class='ocrx_word' id='word_1_142' title='bbox 282 3120 305 3156; x_wconf 69' lang='lat' dir='ltr'>o</span> <span class='ocrx_word' id='word_1_143' title='bbox 317 3100 446 3175; x_wconf 75' lang='lat' dir='ltr'>patricius</span> <span class='ocrx_word' id='word_1_144' title='bbox 458 3119 539 3154; x_wconf 75' lang='lat' dir='ltr'>nen-o</span> <span class='ocrx_word' id='word_1_145' title='bbox 553 3097 737 3177; x_wconf 65' lang='lat' dir='ltr'>relinquetur.</span> <span class='ocrx_word' id='word_1_146' title='bbox 750 3121 800 3160; x_wconf 63' lang='lat' dir='ltr'>zoa</span> 
     </span>
    </p>
   </div>
   <div class='ocr_carea' id='block_1_2' title="bbox 290 3181 818 3334">
    <p class='ocr_par' dir='ltr' id='par_1_5' title="bbox 290 3181 818 3334">
     <span class='ocr_line' id='line_1_28' title="bbox 290 3181 818 3310; baseline 0.023 -70"><span class='ocrx_word' id='word_1_147' title='bbox 290 3181 408 3310; x_wconf 53' lang='lat' dir='ltr'>affluam</span> <span class='ocrx_word' id='word_1_148' title='bbox 419 3184 500 3244; x_wconf 64' lang='lat' dir='ltr'>relisa</span> <span class='ocrx_word' id='word_1_149' title='bbox 515 3188 667 3252; x_wconf 71' lang='lat' dir='ltr'>nibunom</span> <span class='ocrx_word' id='word_1_150' title='bbox 678 3191 775 3276; x_wconf 48' lang='lat' dir='ltr'>fiebas</span> <span class='ocrx_word' id='word_1_151' title='bbox 785 3189 818 3252; x_wconf 65' lang='lat' dir='ltr'>(a</span> 
     </span>
     <span class='ocr_line' id='line_1_29' title="bbox 465 3281 492 3334; baseline 0.074 -2"><span class='ocrx_word' id='word_1_152' title='bbox 465 3281 492 3334; x_wconf 72' lang='lat' dir='ltr'>H</span> 
     </span>
    </p>
   </div>
   <div class='ocr_carea' id='block_1_3' title="bbox 0 0 1036 3984">
    <p class='ocr_par' dir='ltr' id='par_1_6' title="bbox 0 0 1036 3984">
     <span class='ocr_line' id='line_1_30' title="bbox 0 0 1036 3984; baseline 0 0"><span class='ocrx_word' id='word_1_153' title='bbox 0 0 1036 3984; x_wconf 95' lang='lat' dir='ltr'> </span> 
     </span>
    </p>
   </div>
  </div>
 </body>
</html>
